%YAML 1.1
%TAG !u! tag:unity3d.com,2011:
--- !u!1 &350972472077801204
GameObject:
  m_ObjectHideFlags: 0
  m_CorrespondingSourceObject: {fileID: 0}
  m_PrefabInstance: {fileID: 0}
  m_PrefabAsset: {fileID: 0}
  serializedVersion: 6
  m_Component:
  - component: {fileID: 7326033656753552682}
  m_Layer: 0
  m_Name: thumb_01_l
  m_TagString: Untagged
  m_Icon: {fileID: 0}
  m_NavMeshLayer: 0
  m_StaticEditorFlags: 0
  m_IsActive: 1
--- !u!4 &7326033656753552682
Transform:
  m_ObjectHideFlags: 0
  m_CorrespondingSourceObject: {fileID: 0}
  m_PrefabInstance: {fileID: 0}
  m_PrefabAsset: {fileID: 0}
  m_GameObject: {fileID: 350972472077801204}
  m_LocalRotation: {x: -0.59854794, y: -0.16113287, z: -0.1614698, w: 0.767922}
  m_LocalPosition: {x: -0.0711176, y: 0.010234164, z: -0.02858724}
  m_LocalScale: {x: 1, y: 1, z: 0.99999994}
  m_Children:
  - {fileID: 97176164545683306}
  m_Father: {fileID: 1037642390130109605}
  m_RootOrder: 4
  m_LocalEulerAnglesHint: {x: 0, y: 0, z: 0}
--- !u!1 &530358339695435059
GameObject:
  m_ObjectHideFlags: 0
  m_CorrespondingSourceObject: {fileID: 0}
  m_PrefabInstance: {fileID: 0}
  m_PrefabAsset: {fileID: 0}
  serializedVersion: 6
  m_Component:
  - component: {fileID: 1955393585104879607}
  m_Layer: 0
  m_Name: foot_r
  m_TagString: Untagged
  m_Icon: {fileID: 0}
  m_NavMeshLayer: 0
  m_StaticEditorFlags: 0
  m_IsActive: 1
--- !u!4 &1955393585104879607
Transform:
  m_ObjectHideFlags: 0
  m_CorrespondingSourceObject: {fileID: 0}
  m_PrefabInstance: {fileID: 0}
  m_PrefabAsset: {fileID: 0}
  m_GameObject: {fileID: 530358339695435059}
  m_LocalRotation: {x: -0.0824694, y: -0.012088704, z: -0.08550999, w: 0.9928448}
  m_LocalPosition: {x: -0.44611767, y: 0.0000011324885, z: -0.0000005364418}
  m_LocalScale: {x: 0.99999976, y: 1, z: 0.99999976}
  m_Children:
  - {fileID: 2083795867914569653}
  m_Father: {fileID: 6218960501982208548}
  m_RootOrder: 1
  m_LocalEulerAnglesHint: {x: 0, y: 0, z: 0}
--- !u!1 &790348818445368265
GameObject:
  m_ObjectHideFlags: 0
  m_CorrespondingSourceObject: {fileID: 0}
  m_PrefabInstance: {fileID: 0}
  m_PrefabAsset: {fileID: 0}
  serializedVersion: 6
  m_Component:
  - component: {fileID: 8550862225985352466}
  m_Layer: 0
  m_Name: upperarm_twist_01_l
  m_TagString: Untagged
  m_Icon: {fileID: 0}
  m_NavMeshLayer: 0
  m_StaticEditorFlags: 0
  m_IsActive: 1
--- !u!4 &8550862225985352466
Transform:
  m_ObjectHideFlags: 0
  m_CorrespondingSourceObject: {fileID: 0}
  m_PrefabInstance: {fileID: 0}
  m_PrefabAsset: {fileID: 0}
  m_GameObject: {fileID: 790348818445368265}
  m_LocalRotation: {x: 0.0000006696404, y: 0.00000065565064, z: -0.0000005905907,
    w: 1}
  m_LocalPosition: {x: -0.007388546, y: 0.011755118, z: -0.00043600937}
  m_LocalScale: {x: 1.0000001, y: 1, z: 1.0000002}
  m_Children: []
  m_Father: {fileID: 3918089429015252017}
  m_RootOrder: 1
  m_LocalEulerAnglesHint: {x: 0, y: 0, z: 0}
--- !u!1 &832119439599939065
GameObject:
  m_ObjectHideFlags: 0
  m_CorrespondingSourceObject: {fileID: 0}
  m_PrefabInstance: {fileID: 0}
  m_PrefabAsset: {fileID: 0}
  serializedVersion: 6
  m_Component:
  - component: {fileID: 6302655779955852047}
  m_Layer: 0
  m_Name: index_03_l
  m_TagString: Untagged
  m_Icon: {fileID: 0}
  m_NavMeshLayer: 0
  m_StaticEditorFlags: 0
  m_IsActive: 1
--- !u!4 &6302655779955852047
Transform:
  m_ObjectHideFlags: 0
  m_CorrespondingSourceObject: {fileID: 0}
  m_PrefabInstance: {fileID: 0}
  m_PrefabAsset: {fileID: 0}
  m_GameObject: {fileID: 832119439599939065}
  m_LocalRotation: {x: 0.03617918, y: -0.0082204845, z: 0.040776566, w: 0.9984793}
  m_LocalPosition: {x: -0.028197568, y: -0.0004285594, z: 0.00018523823}
  m_LocalScale: {x: 1.0000001, y: 1, z: 1.0000001}
  m_Children: []
  m_Father: {fileID: 4124413735095559326}
  m_RootOrder: 0
  m_LocalEulerAnglesHint: {x: 0, y: 0, z: 0}
--- !u!1 &884859988751812341
GameObject:
  m_ObjectHideFlags: 0
  m_CorrespondingSourceObject: {fileID: 0}
  m_PrefabInstance: {fileID: 0}
  m_PrefabAsset: {fileID: 0}
  serializedVersion: 6
  m_Component:
  - component: {fileID: 7490702766195686716}
  m_Layer: 0
  m_Name: clavicle_r
  m_TagString: Untagged
  m_Icon: {fileID: 0}
  m_NavMeshLayer: 0
  m_StaticEditorFlags: 0
  m_IsActive: 1
--- !u!4 &7490702766195686716
Transform:
  m_ObjectHideFlags: 0
  m_CorrespondingSourceObject: {fileID: 0}
  m_PrefabInstance: {fileID: 0}
  m_PrefabAsset: {fileID: 0}
  m_GameObject: {fileID: 884859988751812341}
  m_LocalRotation: {x: 0.74941874, y: 0.2454391, z: 0.60554016, w: 0.107016064}
  m_LocalPosition: {x: -0.06425131, y: -0.026692143, z: 0.07090174}
  m_LocalScale: {x: 1.0000002, y: 0.99999994, z: 1.0000001}
  m_Children:
  - {fileID: 3006508572141514185}
  m_Father: {fileID: 6490516751719145948}
  m_RootOrder: 1
  m_LocalEulerAnglesHint: {x: 0, y: 0, z: 0}
--- !u!1 &919752053739962148
GameObject:
  m_ObjectHideFlags: 0
  m_CorrespondingSourceObject: {fileID: 0}
  m_PrefabInstance: {fileID: 0}
  m_PrefabAsset: {fileID: 0}
  serializedVersion: 6
  m_Component:
  - component: {fileID: 6216784004292979521}
  m_Layer: 0
  m_Name: thumb_01_r
  m_TagString: Untagged
  m_Icon: {fileID: 0}
  m_NavMeshLayer: 0
  m_StaticEditorFlags: 0
  m_IsActive: 1
--- !u!4 &6216784004292979521
Transform:
  m_ObjectHideFlags: 0
  m_CorrespondingSourceObject: {fileID: 0}
  m_PrefabInstance: {fileID: 0}
  m_PrefabAsset: {fileID: 0}
  m_GameObject: {fileID: 919752053739962148}
  m_LocalRotation: {x: -0.5739719, y: 0.2174951, z: -0.25197244, w: -0.7481725}
  m_LocalPosition: {x: 0.061058264, y: 0.0019611868, z: 0.034632217}
  m_LocalScale: {x: 0.99999994, y: 0.9999999, z: 0.99999994}
  m_Children:
  - {fileID: 7331835403683347730}
  m_Father: {fileID: 131341003332476273}
  m_RootOrder: 4
  m_LocalEulerAnglesHint: {x: 0, y: 0, z: 0}
--- !u!1 &924540103710162117
GameObject:
  m_ObjectHideFlags: 0
  m_CorrespondingSourceObject: {fileID: 0}
  m_PrefabInstance: {fileID: 0}
  m_PrefabAsset: {fileID: 0}
  serializedVersion: 6
  m_Component:
  - component: {fileID: 1494196967125298449}
  m_Layer: 0
  m_Name: lowerarm_l
  m_TagString: Untagged
  m_Icon: {fileID: 0}
  m_NavMeshLayer: 0
  m_StaticEditorFlags: 0
  m_IsActive: 1
--- !u!4 &1494196967125298449
Transform:
  m_ObjectHideFlags: 0
  m_CorrespondingSourceObject: {fileID: 0}
  m_PrefabInstance: {fileID: 0}
  m_PrefabAsset: {fileID: 0}
  m_GameObject: {fileID: 924540103710162117}
  m_LocalRotation: {x: 0.1115977, y: -0.06794965, z: 0.8376198, w: 0.53039783}
  m_LocalPosition: {x: -0.35134518, y: 0.006149968, z: 0.023865491}
  m_LocalScale: {x: 1, y: 1, z: 1.0000002}
  m_Children:
  - {fileID: 1037642390130109605}
  - {fileID: 3372615271885085602}
  - {fileID: 5050441760271798799}
  m_Father: {fileID: 3918089429015252017}
  m_RootOrder: 0
  m_LocalEulerAnglesHint: {x: 0, y: 0, z: 0}
--- !u!1 &946402882315038242
GameObject:
  m_ObjectHideFlags: 0
  m_CorrespondingSourceObject: {fileID: 0}
  m_PrefabInstance: {fileID: 0}
  m_PrefabAsset: {fileID: 0}
  serializedVersion: 6
  m_Component:
  - component: {fileID: 5393574369416112028}
  m_Layer: 0
  m_Name: pelvis
  m_TagString: Untagged
  m_Icon: {fileID: 0}
  m_NavMeshLayer: 0
  m_StaticEditorFlags: 0
  m_IsActive: 1
--- !u!4 &5393574369416112028
Transform:
  m_ObjectHideFlags: 0
  m_CorrespondingSourceObject: {fileID: 0}
  m_PrefabInstance: {fileID: 0}
  m_PrefabAsset: {fileID: 0}
  m_GameObject: {fileID: 946402882315038242}
  m_LocalRotation: {x: -0.4931305, y: 0.52765864, z: -0.44323543, w: 0.5309813}
  m_LocalPosition: {x: 0.0129410345, y: 1.004089, z: -0.025123855}
  m_LocalScale: {x: 1, y: 0.99999994, z: 1}
  m_Children:
  - {fileID: 2082514586924872993}
  - {fileID: 6906120925545591929}
  - {fileID: 675054413854252149}
  m_Father: {fileID: 2334939223998981370}
  m_RootOrder: 0
  m_LocalEulerAnglesHint: {x: 0, y: 0, z: 0}
--- !u!1 &959421139728424671
GameObject:
  m_ObjectHideFlags: 0
  m_CorrespondingSourceObject: {fileID: 0}
  m_PrefabInstance: {fileID: 0}
  m_PrefabAsset: {fileID: 0}
  serializedVersion: 6
  m_Component:
  - component: {fileID: 6308953235864917557}
  m_Layer: 0
  m_Name: ring_03_l
  m_TagString: Untagged
  m_Icon: {fileID: 0}
  m_NavMeshLayer: 0
  m_StaticEditorFlags: 0
  m_IsActive: 1
--- !u!4 &6308953235864917557
Transform:
  m_ObjectHideFlags: 0
  m_CorrespondingSourceObject: {fileID: 0}
  m_PrefabInstance: {fileID: 0}
  m_PrefabAsset: {fileID: 0}
  m_GameObject: {fileID: 959421139728424671}
  m_LocalRotation: {x: 0.058568835, y: -0.02130407, z: -0.034675565, w: 0.9974535}
  m_LocalPosition: {x: -0.022030352, y: 0.0001231955, z: 0.00011256477}
  m_LocalScale: {x: 0.99999994, y: 1.0000001, z: 1.0000001}
  m_Children: []
  m_Father: {fileID: 418379251007507848}
  m_RootOrder: 0
  m_LocalEulerAnglesHint: {x: 0, y: 0, z: 0}
--- !u!1 &983455878512385175
GameObject:
  m_ObjectHideFlags: 0
  m_CorrespondingSourceObject: {fileID: 0}
  m_PrefabInstance: {fileID: 0}
  m_PrefabAsset: {fileID: 0}
  serializedVersion: 6
  m_Component:
  - component: {fileID: 6218960501982208548}
  m_Layer: 0
  m_Name: calf_r
  m_TagString: Untagged
  m_Icon: {fileID: 0}
  m_NavMeshLayer: 0
  m_StaticEditorFlags: 0
  m_IsActive: 1
--- !u!4 &6218960501982208548
Transform:
  m_ObjectHideFlags: 0
  m_CorrespondingSourceObject: {fileID: 0}
  m_PrefabInstance: {fileID: 0}
  m_PrefabAsset: {fileID: 0}
  m_GameObject: {fileID: 983455878512385175}
  m_LocalRotation: {x: 0.06612656, y: 0.016888194, z: 0.19165482, w: 0.97908664}
  m_LocalPosition: {x: -0.45395023, y: 0.00000023841866, z: 0.0000005736948}
  m_LocalScale: {x: 1.0000001, y: 1.0000001, z: 1.0000002}
  m_Children:
  - {fileID: 7426742430163798181}
  - {fileID: 1955393585104879607}
  m_Father: {fileID: 675054413854252149}
  m_RootOrder: 0
  m_LocalEulerAnglesHint: {x: 0, y: 0, z: 0}
--- !u!1 &1095431033456838990
GameObject:
  m_ObjectHideFlags: 0
  m_CorrespondingSourceObject: {fileID: 0}
  m_PrefabInstance: {fileID: 0}
  m_PrefabAsset: {fileID: 0}
  serializedVersion: 6
  m_Component:
  - component: {fileID: 5952316455253311333}
  m_Layer: 0
  m_Name: pinky_01_l
  m_TagString: Untagged
  m_Icon: {fileID: 0}
  m_NavMeshLayer: 0
  m_StaticEditorFlags: 0
  m_IsActive: 1
--- !u!4 &5952316455253311333
Transform:
  m_ObjectHideFlags: 0
  m_CorrespondingSourceObject: {fileID: 0}
  m_PrefabInstance: {fileID: 0}
  m_PrefabAsset: {fileID: 0}
  m_GameObject: {fileID: 1095431033456838990}
  m_LocalRotation: {x: 0.2241263, y: 0.08796207, z: -0.03150732, w: 0.97007084}
  m_LocalPosition: {x: -0.10282466, y: -0.009517146, z: 0.049620233}
  m_LocalScale: {x: 0.9999999, y: 1, z: 1.0000001}
  m_Children:
  - {fileID: 7493842160354965692}
  m_Father: {fileID: 1037642390130109605}
  m_RootOrder: 2
  m_LocalEulerAnglesHint: {x: 0, y: 0, z: 0}
--- !u!1 &1367316448951985638
GameObject:
  m_ObjectHideFlags: 0
  m_CorrespondingSourceObject: {fileID: 0}
  m_PrefabInstance: {fileID: 0}
  m_PrefabAsset: {fileID: 0}
  serializedVersion: 6
  m_Component:
  - component: {fileID: 255654414960118893}
  m_Layer: 0
  m_Name: ball_l
  m_TagString: Untagged
  m_Icon: {fileID: 0}
  m_NavMeshLayer: 0
  m_StaticEditorFlags: 0
  m_IsActive: 1
--- !u!4 &255654414960118893
Transform:
  m_ObjectHideFlags: 0
  m_CorrespondingSourceObject: {fileID: 0}
  m_PrefabInstance: {fileID: 0}
  m_PrefabAsset: {fileID: 0}
  m_GameObject: {fileID: 1367316448951985638}
  m_LocalRotation: {x: 0.0022851364, y: -0.0031456198, z: 0.68890864, w: 0.7248378}
  m_LocalPosition: {x: 0.10624198, y: -0.1156201, z: 0.00010865923}
  m_LocalScale: {x: 1.0000001, y: 1.0000001, z: 0.99999994}
  m_Children: []
  m_Father: {fileID: 2272050821380684921}
  m_RootOrder: 0
  m_LocalEulerAnglesHint: {x: 0, y: 0, z: 0}
--- !u!1 &1546983359493839905
GameObject:
  m_ObjectHideFlags: 0
  m_CorrespondingSourceObject: {fileID: 0}
  m_PrefabInstance: {fileID: 0}
  m_PrefabAsset: {fileID: 0}
  serializedVersion: 6
  m_Component:
  - component: {fileID: 1286705847541333008}
  m_Layer: 0
  m_Name: ring_02_r
  m_TagString: Untagged
  m_Icon: {fileID: 0}
  m_NavMeshLayer: 0
  m_StaticEditorFlags: 0
  m_IsActive: 1
--- !u!4 &1286705847541333008
Transform:
  m_ObjectHideFlags: 0
  m_CorrespondingSourceObject: {fileID: 0}
  m_PrefabInstance: {fileID: 0}
  m_PrefabAsset: {fileID: 0}
  m_GameObject: {fileID: 1546983359493839905}
  m_LocalRotation: {x: -0.019942025, y: 0.1273863, z: -0.003350733, w: -0.99164706}
  m_LocalPosition: {x: 0.028546717, y: 0.0008507987, z: 0.0041722246}
  m_LocalScale: {x: 0.9999999, y: 0.9999999, z: 1.0000001}
  m_Children:
  - {fileID: 6712324429435554468}
  m_Father: {fileID: 2035037241424354526}
  m_RootOrder: 0
  m_LocalEulerAnglesHint: {x: 0, y: 0, z: 0}
--- !u!1 &1671326805590195530
GameObject:
  m_ObjectHideFlags: 0
  m_CorrespondingSourceObject: {fileID: 0}
  m_PrefabInstance: {fileID: 0}
  m_PrefabAsset: {fileID: 0}
  serializedVersion: 6
  m_Component:
  - component: {fileID: 3372615271885085602}
  m_Layer: 0
  m_Name: lowerarm_twist_01_l
  m_TagString: Untagged
  m_Icon: {fileID: 0}
  m_NavMeshLayer: 0
  m_StaticEditorFlags: 0
  m_IsActive: 1
--- !u!4 &3372615271885085602
Transform:
  m_ObjectHideFlags: 0
  m_CorrespondingSourceObject: {fileID: 0}
  m_PrefabInstance: {fileID: 0}
  m_PrefabAsset: {fileID: 0}
  m_GameObject: {fileID: 1671326805590195530}
  m_LocalRotation: {x: -0.18820599, y: 0.04214561, z: -0.0460489, w: 0.9801437}
  m_LocalPosition: {x: -0.1183442, y: -0.0110107, z: -0.009137293}
  m_LocalScale: {x: 0.99999994, y: 0.9999998, z: 0.99999994}
  m_Children: []
  m_Father: {fileID: 1494196967125298449}
  m_RootOrder: 1
  m_LocalEulerAnglesHint: {x: 0, y: 0, z: 0}
--- !u!1 &1801413742821906846
GameObject:
  m_ObjectHideFlags: 0
  m_CorrespondingSourceObject: {fileID: 0}
  m_PrefabInstance: {fileID: 0}
  m_PrefabAsset: {fileID: 0}
  serializedVersion: 6
  m_Component:
  - component: {fileID: 7493842160354965692}
  m_Layer: 0
  m_Name: pinky_02_l
  m_TagString: Untagged
  m_Icon: {fileID: 0}
  m_NavMeshLayer: 0
  m_StaticEditorFlags: 0
  m_IsActive: 1
--- !u!4 &7493842160354965692
Transform:
  m_ObjectHideFlags: 0
  m_CorrespondingSourceObject: {fileID: 0}
  m_PrefabInstance: {fileID: 0}
  m_PrefabAsset: {fileID: 0}
  m_GameObject: {fileID: 1801413742821906846}
  m_LocalRotation: {x: 0.034416523, y: -0.027068157, z: 0.03626926, w: 0.9983824}
  m_LocalPosition: {x: -0.02958602, y: 0.00007398662, z: 0.00022613257}
  m_LocalScale: {x: 1, y: 1, z: 0.9999999}
  m_Children:
  - {fileID: 95844358184218883}
  m_Father: {fileID: 5952316455253311333}
  m_RootOrder: 0
  m_LocalEulerAnglesHint: {x: 0, y: 0, z: 0}
--- !u!1 &1806284350105078104
GameObject:
  m_ObjectHideFlags: 0
  m_CorrespondingSourceObject: {fileID: 0}
  m_PrefabInstance: {fileID: 0}
  m_PrefabAsset: {fileID: 0}
  serializedVersion: 6
  m_Component:
  - component: {fileID: 1646875333926742174}
  m_Layer: 0
  m_Name: neck_01
  m_TagString: Untagged
  m_Icon: {fileID: 0}
  m_NavMeshLayer: 0
  m_StaticEditorFlags: 0
  m_IsActive: 1
--- !u!4 &1646875333926742174
Transform:
  m_ObjectHideFlags: 0
  m_CorrespondingSourceObject: {fileID: 0}
  m_PrefabInstance: {fileID: 0}
  m_PrefabAsset: {fileID: 0}
  m_GameObject: {fileID: 1806284350105078104}
  m_LocalRotation: {x: 0.007400913, y: -0.0062900893, z: 0.0736919, w: 0.9972338}
  m_LocalPosition: {x: -0.10853439, y: 0.035850003, z: 0.00001486391}
  m_LocalScale: {x: 1.0000001, y: 1, z: 0.99999994}
  m_Children:
  - {fileID: 2526813130360094574}
  m_Father: {fileID: 6490516751719145948}
  m_RootOrder: 2
  m_LocalEulerAnglesHint: {x: 0, y: 0, z: 0}
--- !u!1 &2098705460343186983
GameObject:
  m_ObjectHideFlags: 0
  m_CorrespondingSourceObject: {fileID: 0}
  m_PrefabInstance: {fileID: 0}
  m_PrefabAsset: {fileID: 0}
  serializedVersion: 6
  m_Component:
  - component: {fileID: 2530627326918367949}
  m_Layer: 0
  m_Name: middle_02_r
  m_TagString: Untagged
  m_Icon: {fileID: 0}
  m_NavMeshLayer: 0
  m_StaticEditorFlags: 0
  m_IsActive: 1
--- !u!4 &2530627326918367949
Transform:
  m_ObjectHideFlags: 0
  m_CorrespondingSourceObject: {fileID: 0}
  m_PrefabInstance: {fileID: 0}
  m_PrefabAsset: {fileID: 0}
  m_GameObject: {fileID: 2098705460343186983}
  m_LocalRotation: {x: -0.029441858, y: 0.017039996, z: -0.0030048243, w: -0.9994167}
  m_LocalPosition: {x: 0.031681538, y: -0.00010955683, z: 0.0002615081}
  m_LocalScale: {x: 0.99999994, y: 0.9999998, z: 0.99999994}
  m_Children:
  - {fileID: 2019309797337860784}
  m_Father: {fileID: 8239347148638892251}
  m_RootOrder: 0
  m_LocalEulerAnglesHint: {x: 0, y: 0, z: 0}
--- !u!1 &2306837958261520389
GameObject:
  m_ObjectHideFlags: 0
  m_CorrespondingSourceObject: {fileID: 0}
  m_PrefabInstance: {fileID: 0}
  m_PrefabAsset: {fileID: 0}
  serializedVersion: 6
  m_Component:
  - component: {fileID: 8804512159364619631}
  m_Layer: 0
  m_Name: SCIFI_ROBOT_SK_LodGroup
  m_TagString: Untagged
  m_Icon: {fileID: 0}
  m_NavMeshLayer: 0
  m_StaticEditorFlags: 0
  m_IsActive: 1
--- !u!4 &8804512159364619631
Transform:
  m_ObjectHideFlags: 0
  m_CorrespondingSourceObject: {fileID: 0}
  m_PrefabInstance: {fileID: 0}
  m_PrefabAsset: {fileID: 0}
  m_GameObject: {fileID: 2306837958261520389}
  m_LocalRotation: {x: 0, y: -0, z: -0, w: 1}
  m_LocalPosition: {x: -0, y: 0, z: 0}
  m_LocalScale: {x: 1, y: 1, z: 1}
  m_Children:
  - {fileID: 4103626521616300313}
  m_Father: {fileID: 5616544439962156743}
  m_RootOrder: 1
  m_LocalEulerAnglesHint: {x: 0, y: 0, z: 0}
--- !u!1 &2326788101837276225
GameObject:
  m_ObjectHideFlags: 0
  m_CorrespondingSourceObject: {fileID: 0}
  m_PrefabInstance: {fileID: 0}
  m_PrefabAsset: {fileID: 0}
  serializedVersion: 6
  m_Component:
  - component: {fileID: 3498922192030943127}
  m_Layer: 0
  m_Name: middle_02_l
  m_TagString: Untagged
  m_Icon: {fileID: 0}
  m_NavMeshLayer: 0
  m_StaticEditorFlags: 0
  m_IsActive: 1
--- !u!4 &3498922192030943127
Transform:
  m_ObjectHideFlags: 0
  m_CorrespondingSourceObject: {fileID: 0}
  m_PrefabInstance: {fileID: 0}
  m_PrefabAsset: {fileID: 0}
  m_GameObject: {fileID: 2326788101837276225}
  m_LocalRotation: {x: 0.030803956, y: -0.042037692, z: -0.006151407, w: 0.9986221}
  m_LocalPosition: {x: -0.036963146, y: -0.00082381285, z: 0.00017743255}
  m_LocalScale: {x: 1.0000001, y: 1, z: 1}
  m_Children:
  - {fileID: 4256163278854695327}
  m_Father: {fileID: 8087954663969235252}
  m_RootOrder: 0
  m_LocalEulerAnglesHint: {x: 0, y: 0, z: 0}
--- !u!1 &2445021246495302413
GameObject:
  m_ObjectHideFlags: 0
  m_CorrespondingSourceObject: {fileID: 0}
  m_PrefabInstance: {fileID: 0}
  m_PrefabAsset: {fileID: 0}
  serializedVersion: 6
  m_Component:
  - component: {fileID: 1037642390130109605}
  m_Layer: 0
  m_Name: hand_l
  m_TagString: Untagged
  m_Icon: {fileID: 0}
  m_NavMeshLayer: 0
  m_StaticEditorFlags: 0
  m_IsActive: 1
--- !u!4 &1037642390130109605
Transform:
  m_ObjectHideFlags: 0
  m_CorrespondingSourceObject: {fileID: 0}
  m_PrefabInstance: {fileID: 0}
  m_PrefabAsset: {fileID: 0}
  m_GameObject: {fileID: 2445021246495302413}
  m_LocalRotation: {x: -0.6057708, y: 0.015267735, z: -0.022326564, w: 0.7951793}
  m_LocalPosition: {x: -0.23001806, y: -0.0010005116, z: 0.00016409344}
  m_LocalScale: {x: 0.9999997, y: 0.9999998, z: 0.99999976}
  m_Children:
  - {fileID: 7080978533500961876}
  - {fileID: 8087954663969235252}
  - {fileID: 5952316455253311333}
  - {fileID: 3302125854108109613}
  - {fileID: 7326033656753552682}
  m_Father: {fileID: 1494196967125298449}
  m_RootOrder: 0
  m_LocalEulerAnglesHint: {x: 0, y: 0, z: 0}
--- !u!1 &2727501149521223811
GameObject:
  m_ObjectHideFlags: 0
  m_CorrespondingSourceObject: {fileID: 0}
  m_PrefabInstance: {fileID: 0}
  m_PrefabAsset: {fileID: 0}
  serializedVersion: 6
  m_Component:
  - component: {fileID: 3302125854108109613}
  m_Layer: 0
  m_Name: ring_01_l
  m_TagString: Untagged
  m_Icon: {fileID: 0}
  m_NavMeshLayer: 0
  m_StaticEditorFlags: 0
  m_IsActive: 1
--- !u!4 &3302125854108109613
Transform:
  m_ObjectHideFlags: 0
  m_CorrespondingSourceObject: {fileID: 0}
  m_PrefabInstance: {fileID: 0}
  m_PrefabAsset: {fileID: 0}
  m_GameObject: {fileID: 2727501149521223811}
  m_LocalRotation: {x: 0.15589893, y: 0.08709895, z: -0.008785113, w: 0.9838863}
  m_LocalPosition: {x: -0.11241011, y: -0.00564057, z: 0.031365674}
  m_LocalScale: {x: 1, y: 0.99999994, z: 1.0000001}
  m_Children:
  - {fileID: 418379251007507848}
  m_Father: {fileID: 1037642390130109605}
  m_RootOrder: 3
  m_LocalEulerAnglesHint: {x: 0, y: 0, z: 0}
--- !u!1 &2790198757897077245
GameObject:
  m_ObjectHideFlags: 0
  m_CorrespondingSourceObject: {fileID: 0}
  m_PrefabInstance: {fileID: 0}
  m_PrefabAsset: {fileID: 0}
  serializedVersion: 6
  m_Component:
  - component: {fileID: 2727814961440956552}
  m_Layer: 0
  m_Name: index_02_r
  m_TagString: Untagged
  m_Icon: {fileID: 0}
  m_NavMeshLayer: 0
  m_StaticEditorFlags: 0
  m_IsActive: 1
--- !u!4 &2727814961440956552
Transform:
  m_ObjectHideFlags: 0
  m_CorrespondingSourceObject: {fileID: 0}
  m_PrefabInstance: {fileID: 0}
  m_PrefabAsset: {fileID: 0}
  m_GameObject: {fileID: 2790198757897077245}
  m_LocalRotation: {x: -0.02384865, y: 0.012614114, z: 0.0104011865, w: -0.99958193}
  m_LocalPosition: {x: 0.03149907, y: 0.00070931617, z: -0.00290027}
  m_LocalScale: {x: 1, y: 1, z: 1.0000001}
  m_Children:
  - {fileID: 8271952913794965660}
  m_Father: {fileID: 2065045498729557604}
  m_RootOrder: 0
  m_LocalEulerAnglesHint: {x: 0, y: 0, z: 0}
--- !u!1 &2853750778078769363
GameObject:
  m_ObjectHideFlags: 0
  m_CorrespondingSourceObject: {fileID: 0}
  m_PrefabInstance: {fileID: 0}
  m_PrefabAsset: {fileID: 0}
  serializedVersion: 6
  m_Component:
  - component: {fileID: 7426742430163798181}
  m_Layer: 0
  m_Name: calf_twist_01_r
  m_TagString: Untagged
  m_Icon: {fileID: 0}
  m_NavMeshLayer: 0
  m_StaticEditorFlags: 0
  m_IsActive: 1
--- !u!4 &7426742430163798181
Transform:
  m_ObjectHideFlags: 0
  m_CorrespondingSourceObject: {fileID: 0}
  m_PrefabInstance: {fileID: 0}
  m_PrefabAsset: {fileID: 0}
  m_GameObject: {fileID: 2853750778078769363}
  m_LocalRotation: {x: 0.00000018517761, y: -0.0000005960465, z: -0.00000077850433,
    w: 1}
  m_LocalPosition: {x: -0.22305876, y: 0.0000005317509, z: -0.00000038242146}
  m_LocalScale: {x: 0.99999976, y: 0.9999999, z: 0.9999998}
  m_Children: []
  m_Father: {fileID: 6218960501982208548}
  m_RootOrder: 0
  m_LocalEulerAnglesHint: {x: 0, y: 0, z: 0}
--- !u!1 &3153989428812966529
GameObject:
  m_ObjectHideFlags: 0
  m_CorrespondingSourceObject: {fileID: 0}
  m_PrefabInstance: {fileID: 0}
  m_PrefabAsset: {fileID: 0}
  serializedVersion: 6
  m_Component:
  - component: {fileID: 2083795867914569653}
  m_Layer: 0
  m_Name: ball_r
  m_TagString: Untagged
  m_Icon: {fileID: 0}
  m_NavMeshLayer: 0
  m_StaticEditorFlags: 0
  m_IsActive: 1
--- !u!4 &2083795867914569653
Transform:
  m_ObjectHideFlags: 0
  m_CorrespondingSourceObject: {fileID: 0}
  m_PrefabInstance: {fileID: 0}
  m_PrefabAsset: {fileID: 0}
  m_GameObject: {fileID: 3153989428812966529}
  m_LocalRotation: {x: -0.0022711605, y: 0.0016283854, z: 0.68890864, w: 0.72484285}
  m_LocalPosition: {x: -0.10624212, y: 0.115620166, z: -0.0001138747}
  m_LocalScale: {x: 1.0000001, y: 1, z: 1}
  m_Children: []
  m_Father: {fileID: 1955393585104879607}
  m_RootOrder: 0
  m_LocalEulerAnglesHint: {x: 0, y: 0, z: 0}
--- !u!1 &3352679740024667271
GameObject:
  m_ObjectHideFlags: 0
  m_CorrespondingSourceObject: {fileID: 0}
  m_PrefabInstance: {fileID: 0}
  m_PrefabAsset: {fileID: 0}
  serializedVersion: 6
  m_Component:
  - component: {fileID: 2573535982960886440}
  m_Layer: 0
  m_Name: thigh_twist_01_l
  m_TagString: Untagged
  m_Icon: {fileID: 0}
  m_NavMeshLayer: 0
  m_StaticEditorFlags: 0
  m_IsActive: 1
--- !u!4 &2573535982960886440
Transform:
  m_ObjectHideFlags: 0
  m_CorrespondingSourceObject: {fileID: 0}
  m_PrefabInstance: {fileID: 0}
  m_PrefabAsset: {fileID: 0}
  m_GameObject: {fileID: 3352679740024667271}
  m_LocalRotation: {x: 0.000000111833145, y: 0.00000023841854, z: -0.00000031578318,
    w: 1}
  m_LocalPosition: {x: 0.00000013496586, y: 0.00000006460505, z: 0.0000000936664}
  m_LocalScale: {x: 1.0000002, y: 1.0000001, z: 1.0000001}
  m_Children: []
  m_Father: {fileID: 6906120925545591929}
  m_RootOrder: 1
  m_LocalEulerAnglesHint: {x: 0, y: 0, z: 0}
--- !u!1 &3485428462063585438
GameObject:
  m_ObjectHideFlags: 0
  m_CorrespondingSourceObject: {fileID: 0}
  m_PrefabInstance: {fileID: 0}
  m_PrefabAsset: {fileID: 0}
  serializedVersion: 6
  m_Component:
  - component: {fileID: 6906120925545591929}
  m_Layer: 0
  m_Name: thigh_l
  m_TagString: Untagged
  m_Icon: {fileID: 0}
  m_NavMeshLayer: 0
  m_StaticEditorFlags: 0
  m_IsActive: 1
--- !u!4 &6906120925545591929
Transform:
  m_ObjectHideFlags: 0
  m_CorrespondingSourceObject: {fileID: 0}
  m_PrefabInstance: {fileID: 0}
  m_PrefabAsset: {fileID: 0}
  m_GameObject: {fileID: 3485428462063585438}
  m_LocalRotation: {x: 0.23034777, y: 0.07465277, z: -0.21443458, w: 0.9462477}
  m_LocalPosition: {x: -0.0015809822, y: -0.009413835, z: -0.07124785}
  m_LocalScale: {x: 0.9999999, y: 0.9999999, z: 1.0000001}
  m_Children:
  - {fileID: 7222068285360099859}
  - {fileID: 2573535982960886440}
  m_Father: {fileID: 5393574369416112028}
  m_RootOrder: 1
  m_LocalEulerAnglesHint: {x: 0, y: 0, z: 0}
--- !u!1 &3494352488542813180
GameObject:
  m_ObjectHideFlags: 0
  m_CorrespondingSourceObject: {fileID: 0}
  m_PrefabInstance: {fileID: 0}
  m_PrefabAsset: {fileID: 0}
  serializedVersion: 6
  m_Component:
  - component: {fileID: 4901258335123827110}
  m_Layer: 0
  m_Name: thigh_twist_01_r
  m_TagString: Untagged
  m_Icon: {fileID: 0}
  m_NavMeshLayer: 0
  m_StaticEditorFlags: 0
  m_IsActive: 1
--- !u!4 &4901258335123827110
Transform:
  m_ObjectHideFlags: 0
  m_CorrespondingSourceObject: {fileID: 0}
  m_PrefabInstance: {fileID: 0}
  m_PrefabAsset: {fileID: 0}
  m_GameObject: {fileID: 3494352488542813180}
  m_LocalRotation: {x: -0.00000017209467, y: 0.0000008940695, z: 0.00000079156024,
    w: 1}
  m_LocalPosition: {x: 0.00000029506828, y: 0.00000009662311, z: 0.000000048270394}
  m_LocalScale: {x: 1.0000001, y: 1.0000001, z: 1.0000002}
  m_Children: []
  m_Father: {fileID: 675054413854252149}
  m_RootOrder: 1
  m_LocalEulerAnglesHint: {x: 0, y: 0, z: 0}
--- !u!1 &4015714943607714907
GameObject:
  m_ObjectHideFlags: 0
  m_CorrespondingSourceObject: {fileID: 0}
  m_PrefabInstance: {fileID: 0}
  m_PrefabAsset: {fileID: 0}
  serializedVersion: 6
  m_Component:
  - component: {fileID: 8363411951274909623}
  m_Layer: 0
  m_Name: pinky_02_r
  m_TagString: Untagged
  m_Icon: {fileID: 0}
  m_NavMeshLayer: 0
  m_StaticEditorFlags: 0
  m_IsActive: 1
--- !u!4 &8363411951274909623
Transform:
  m_ObjectHideFlags: 0
  m_CorrespondingSourceObject: {fileID: 0}
  m_PrefabInstance: {fileID: 0}
  m_PrefabAsset: {fileID: 0}
  m_GameObject: {fileID: 4015714943607714907}
  m_LocalRotation: {x: -0.041968647, y: 0.14045477, z: 0.0017519244, w: -0.98919564}
  m_LocalPosition: {x: 0.022537788, y: 0.0011532971, z: 0.007913083}
  m_LocalScale: {x: 0.9999999, y: 0.9999999, z: 1.0000001}
  m_Children:
  - {fileID: 8216682418263515551}
  m_Father: {fileID: 5480468208400201440}
  m_RootOrder: 0
  m_LocalEulerAnglesHint: {x: 0, y: 0, z: 0}
--- !u!1 &4070010226384324249
GameObject:
  m_ObjectHideFlags: 0
  m_CorrespondingSourceObject: {fileID: 0}
  m_PrefabInstance: {fileID: 0}
  m_PrefabAsset: {fileID: 0}
  serializedVersion: 6
  m_Component:
  - component: {fileID: 97176164545683306}
  m_Layer: 0
  m_Name: thumb_02_l
  m_TagString: Untagged
  m_Icon: {fileID: 0}
  m_NavMeshLayer: 0
  m_StaticEditorFlags: 0
  m_IsActive: 1
--- !u!4 &97176164545683306
Transform:
  m_ObjectHideFlags: 0
  m_CorrespondingSourceObject: {fileID: 0}
  m_PrefabInstance: {fileID: 0}
  m_PrefabAsset: {fileID: 0}
  m_GameObject: {fileID: 4070010226384324249}
  m_LocalRotation: {x: -0.066880845, y: -0.004409567, z: -0.030428786, w: 0.9972872}
  m_LocalPosition: {x: -0.032103453, y: -0.00061254133, z: -0.00084746646}
  m_LocalScale: {x: 1.0000001, y: 1.0000001, z: 0.99999994}
  m_Children:
  - {fileID: 7182845771845984207}
  m_Father: {fileID: 7326033656753552682}
  m_RootOrder: 0
  m_LocalEulerAnglesHint: {x: 0, y: 0, z: 0}
--- !u!1 &4380874940952752565
GameObject:
  m_ObjectHideFlags: 0
  m_CorrespondingSourceObject: {fileID: 0}
  m_PrefabInstance: {fileID: 0}
  m_PrefabAsset: {fileID: 0}
  serializedVersion: 6
  m_Component:
  - component: {fileID: 7182845771845984207}
  m_Layer: 0
  m_Name: thumb_03_l
  m_TagString: Untagged
  m_Icon: {fileID: 0}
  m_NavMeshLayer: 0
  m_StaticEditorFlags: 0
  m_IsActive: 1
--- !u!4 &7182845771845984207
Transform:
  m_ObjectHideFlags: 0
  m_CorrespondingSourceObject: {fileID: 0}
  m_PrefabInstance: {fileID: 0}
  m_PrefabAsset: {fileID: 0}
  m_GameObject: {fileID: 4380874940952752565}
  m_LocalRotation: {x: -0.018566485, y: -0.0074806213, z: 0.031216905, w: 0.9993122}
  m_LocalPosition: {x: -0.024812305, y: -0.0005558125, z: 0.000059185564}
  m_LocalScale: {x: 0.9999998, y: 0.9999999, z: 1.0000001}
  m_Children: []
  m_Father: {fileID: 97176164545683306}
  m_RootOrder: 0
  m_LocalEulerAnglesHint: {x: 0, y: 0, z: 0}
--- !u!1 &4490501908239753155
GameObject:
  m_ObjectHideFlags: 0
  m_CorrespondingSourceObject: {fileID: 0}
  m_PrefabInstance: {fileID: 0}
  m_PrefabAsset: {fileID: 0}
  serializedVersion: 6
  m_Component:
  - component: {fileID: 8271952913794965660}
  m_Layer: 0
  m_Name: index_03_r
  m_TagString: Untagged
  m_Icon: {fileID: 0}
  m_NavMeshLayer: 0
  m_StaticEditorFlags: 0
  m_IsActive: 1
--- !u!4 &8271952913794965660
Transform:
  m_ObjectHideFlags: 0
  m_CorrespondingSourceObject: {fileID: 0}
  m_PrefabInstance: {fileID: 0}
  m_PrefabAsset: {fileID: 0}
  m_GameObject: {fileID: 4490501908239753155}
  m_LocalRotation: {x: -0.032036148, y: 0.011168254, z: -0.022107543, w: -0.99917984}
  m_LocalPosition: {x: 0.030505566, y: -0.0018638285, z: 0.00026488552}
  m_LocalScale: {x: 1, y: 0.99999994, z: 0.99999994}
  m_Children: []
  m_Father: {fileID: 2727814961440956552}
  m_RootOrder: 0
  m_LocalEulerAnglesHint: {x: 0, y: 0, z: 0}
--- !u!1 &4535616097356664503
GameObject:
  m_ObjectHideFlags: 0
  m_CorrespondingSourceObject: {fileID: 0}
  m_PrefabInstance: {fileID: 0}
  m_PrefabAsset: {fileID: 0}
  serializedVersion: 6
  m_Component:
  - component: {fileID: 6490516751719145948}
  m_Layer: 0
  m_Name: spine_03
  m_TagString: Untagged
  m_Icon: {fileID: 0}
  m_NavMeshLayer: 0
  m_StaticEditorFlags: 0
  m_IsActive: 1
--- !u!4 &6490516751719145948
Transform:
  m_ObjectHideFlags: 0
  m_CorrespondingSourceObject: {fileID: 0}
  m_PrefabInstance: {fileID: 0}
  m_PrefabAsset: {fileID: 0}
  m_GameObject: {fileID: 4535616097356664503}
  m_LocalRotation: {x: 0.0015218441, y: 0.025601596, z: 0.041247334, w: 0.9988198}
  m_LocalPosition: {x: -0.1600402, y: 0.0035069445, z: 0.0008121133}
  m_LocalScale: {x: 1, y: 1, z: 0.99999994}
  m_Children:
  - {fileID: 1129029450889257808}
  - {fileID: 7490702766195686716}
  - {fileID: 1646875333926742174}
  m_Father: {fileID: 2052564650984731825}
  m_RootOrder: 0
  m_LocalEulerAnglesHint: {x: 0, y: 0, z: 0}
--- !u!95 &326525511096139840
Animator:
  serializedVersion: 3
  m_ObjectHideFlags: 0
  m_CorrespondingSourceObject: {fileID: 0}
  m_PrefabInstance: {fileID: 0}
  m_PrefabAsset: {fileID: 0}
  m_GameObject: {fileID: 4734287357396925714}
  m_Enabled: 1
  m_Avatar: {fileID: 0}
  m_Controller: {fileID: 9100000, guid: 0921215be122071469b38f036db8c881, type: 2}
  m_CullingMode: 0
  m_UpdateMode: 0
  m_ApplyRootMotion: 0
  m_LinearVelocityBlending: 0
  m_WarningMessage: 
  m_HasTransformHierarchy: 1
  m_AllowConstantClipSamplingOptimization: 1
  m_KeepAnimatorControllerStateOnDisable: 0
--- !u!114 &6971266722172550499
MonoBehaviour:
  m_ObjectHideFlags: 0
  m_CorrespondingSourceObject: {fileID: 0}
  m_PrefabInstance: {fileID: 0}
  m_PrefabAsset: {fileID: 0}
  m_GameObject: {fileID: 4734287357396925714}
  m_Enabled: 1
  m_EditorHideFlags: 0
  m_Script: {fileID: 11500000, guid: 9b8c4a61274f60b4ea5fb4299cfdbf14, type: 3}
  m_Name: 
  m_EditorClassIdentifier: 
  ShowLayerWeightsInspector: 1
  ShowParameterInspector: 1
  m_SynchronizeParameters:
  - Type: 4
    SynchronizeType: 1
    Name: Reload
  - Type: 9
    SynchronizeType: 1
    Name: Shoot
  m_SynchronizeLayers:
  - SynchronizeType: 0
    LayerIndex: 0
--- !u!114 &7636694243512104546
MonoBehaviour:
  m_ObjectHideFlags: 0
  m_CorrespondingSourceObject: {fileID: 0}
  m_PrefabInstance: {fileID: 0}
  m_PrefabAsset: {fileID: 0}
  m_GameObject: {fileID: 4734287357396925714}
  m_Enabled: 1
  m_EditorHideFlags: 0
  m_Script: {fileID: 11500000, guid: aa584fbee541324448dd18d8409c7a41, type: 3}
  m_Name: 
  m_EditorClassIdentifier: 
  ObservedComponentsFoldoutOpen: 1
  Group: 0
  prefixField: -1
  Synchronization: 3
  OwnershipTransfer: 0
  ObservedComponents:
  - {fileID: 6971266722172550499}
  viewIdField: 0
  InstantiationId: 0
  isRuntimeInstantiated: 0
--- !u!1 &4823783276239331390
GameObject:
  m_ObjectHideFlags: 0
  m_CorrespondingSourceObject: {fileID: 0}
  m_PrefabInstance: {fileID: 0}
  m_PrefabAsset: {fileID: 0}
  serializedVersion: 6
  m_Component:
  - component: {fileID: 6712324429435554468}
  m_Layer: 0
  m_Name: ring_03_r
  m_TagString: Untagged
  m_Icon: {fileID: 0}
  m_NavMeshLayer: 0
  m_StaticEditorFlags: 0
  m_IsActive: 1
--- !u!4 &6712324429435554468
Transform:
  m_ObjectHideFlags: 0
  m_CorrespondingSourceObject: {fileID: 0}
  m_PrefabInstance: {fileID: 0}
  m_PrefabAsset: {fileID: 0}
  m_GameObject: {fileID: 4823783276239331390}
  m_LocalRotation: {x: -0.049886823, y: 0.013218287, z: -0.007687222, w: -0.99863786}
  m_LocalPosition: {x: 0.023685677, y: -0.0031368884, z: -0.0002262078}
  m_LocalScale: {x: 1, y: 0.9999999, z: 0.9999999}
  m_Children: []
  m_Father: {fileID: 1286705847541333008}
  m_RootOrder: 0
  m_LocalEulerAnglesHint: {x: 0, y: 0, z: 0}
--- !u!1 &4872884503365063834
GameObject:
  m_ObjectHideFlags: 0
  m_CorrespondingSourceObject: {fileID: 0}
  m_PrefabInstance: {fileID: 0}
  m_PrefabAsset: {fileID: 0}
  serializedVersion: 6
  m_Component:
  - component: {fileID: 5455502288677816924}
  m_Layer: 0
  m_Name: lowerarm_r
  m_TagString: Untagged
  m_Icon: {fileID: 0}
  m_NavMeshLayer: 0
  m_StaticEditorFlags: 0
  m_IsActive: 1
--- !u!4 &5455502288677816924
Transform:
  m_ObjectHideFlags: 0
  m_CorrespondingSourceObject: {fileID: 0}
  m_PrefabInstance: {fileID: 0}
  m_PrefabAsset: {fileID: 0}
  m_GameObject: {fileID: 4872884503365063834}
  m_LocalRotation: {x: 0.22862321, y: 0.02587622, z: 0.8118877, w: 0.53656334}
  m_LocalPosition: {x: 0.3439312, y: -0.004830757, z: -0.017425267}
  m_LocalScale: {x: 1.0000002, y: 1.0000001, z: 1.0000001}
  m_Children:
  - {fileID: 131341003332476273}
  - {fileID: 2023104876385948991}
  - {fileID: 8640376458622193409}
  m_Father: {fileID: 3006508572141514185}
  m_RootOrder: 0
  m_LocalEulerAnglesHint: {x: 0, y: 0, z: 0}
--- !u!1 &5158803741670652836
GameObject:
  m_ObjectHideFlags: 0
  m_CorrespondingSourceObject: {fileID: 0}
  m_PrefabInstance: {fileID: 0}
  m_PrefabAsset: {fileID: 0}
  serializedVersion: 6
  m_Component:
  - component: {fileID: 4256163278854695327}
  m_Layer: 0
  m_Name: middle_03_l
  m_TagString: Untagged
  m_Icon: {fileID: 0}
  m_NavMeshLayer: 0
  m_StaticEditorFlags: 0
  m_IsActive: 1
--- !u!4 &4256163278854695327
Transform:
  m_ObjectHideFlags: 0
  m_CorrespondingSourceObject: {fileID: 0}
  m_PrefabInstance: {fileID: 0}
  m_PrefabAsset: {fileID: 0}
  m_GameObject: {fileID: 5158803741670652836}
  m_LocalRotation: {x: 0.06979295, y: 0.036901943, z: 0.05773578, w: 0.9952054}
  m_LocalPosition: {x: -0.029961396, y: 0.0003487185, z: 0.0033566083}
  m_LocalScale: {x: 0.99999994, y: 0.99999994, z: 0.99999994}
  m_Children: []
  m_Father: {fileID: 3498922192030943127}
  m_RootOrder: 0
  m_LocalEulerAnglesHint: {x: 0, y: 0, z: 0}
--- !u!1 &5177765453500043738
GameObject:
  m_ObjectHideFlags: 0
  m_CorrespondingSourceObject: {fileID: 0}
  m_PrefabInstance: {fileID: 0}
  m_PrefabAsset: {fileID: 0}
  serializedVersion: 6
  m_Component:
  - component: {fileID: 8216682418263515551}
  m_Layer: 0
  m_Name: pinky_03_r
  m_TagString: Untagged
  m_Icon: {fileID: 0}
  m_NavMeshLayer: 0
  m_StaticEditorFlags: 0
  m_IsActive: 1
--- !u!4 &8216682418263515551
Transform:
  m_ObjectHideFlags: 0
  m_CorrespondingSourceObject: {fileID: 0}
  m_PrefabInstance: {fileID: 0}
  m_PrefabAsset: {fileID: 0}
  m_GameObject: {fileID: 5177765453500043738}
  m_LocalRotation: {x: -0.03841503, y: 0.019616328, z: 0.009345664, w: -0.99902564}
  m_LocalPosition: {x: 0.02260704, y: -0.000029576076, z: 0.0003255422}
  m_LocalScale: {x: 1.0000002, y: 0.99999994, z: 0.9999999}
  m_Children: []
  m_Father: {fileID: 8363411951274909623}
  m_RootOrder: 0
  m_LocalEulerAnglesHint: {x: 0, y: 0, z: 0}
--- !u!1 &5234897471052747910
GameObject:
  m_ObjectHideFlags: 0
  m_CorrespondingSourceObject: {fileID: 0}
  m_PrefabInstance: {fileID: 0}
  m_PrefabAsset: {fileID: 0}
  serializedVersion: 6
  m_Component:
  - component: {fileID: 2023104876385948991}
  m_Layer: 0
  m_Name: lowerarm_twist_01_r
  m_TagString: Untagged
  m_Icon: {fileID: 0}
  m_NavMeshLayer: 0
  m_StaticEditorFlags: 0
  m_IsActive: 1
--- !u!4 &2023104876385948991
Transform:
  m_ObjectHideFlags: 0
  m_CorrespondingSourceObject: {fileID: 0}
  m_PrefabInstance: {fileID: 0}
  m_PrefabAsset: {fileID: 0}
  m_GameObject: {fileID: 5234897471052747910}
  m_LocalRotation: {x: -0.5538105, y: 0.0011512812, z: -0.00735172, w: 0.83260953}
  m_LocalPosition: {x: 0.11617478, y: 0.013783329, z: -0.008867042}
  m_LocalScale: {x: 0.9999998, y: 0.99999994, z: 0.99999994}
  m_Children: []
  m_Father: {fileID: 5455502288677816924}
  m_RootOrder: 1
  m_LocalEulerAnglesHint: {x: 0, y: 0, z: 0}
--- !u!1 &5350596532795596718
GameObject:
  m_ObjectHideFlags: 0
  m_CorrespondingSourceObject: {fileID: 0}
  m_PrefabInstance: {fileID: 0}
  m_PrefabAsset: {fileID: 0}
  serializedVersion: 6
  m_Component:
  - component: {fileID: 1129029450889257808}
  m_Layer: 0
  m_Name: clavicle_l
  m_TagString: Untagged
  m_Icon: {fileID: 0}
  m_NavMeshLayer: 0
  m_StaticEditorFlags: 0
  m_IsActive: 1
--- !u!4 &1129029450889257808
Transform:
  m_ObjectHideFlags: 0
  m_CorrespondingSourceObject: {fileID: 0}
  m_PrefabInstance: {fileID: 0}
  m_PrefabAsset: {fileID: 0}
  m_GameObject: {fileID: 5350596532795596718}
  m_LocalRotation: {x: 0.1608093, y: -0.6858753, z: -0.052878384, w: 0.7077565}
  m_LocalPosition: {x: -0.055788215, y: -0.019298054, z: -0.12343083}
  m_LocalScale: {x: 1, y: 0.99999994, z: 1}
  m_Children:
  - {fileID: 3918089429015252017}
  m_Father: {fileID: 6490516751719145948}
  m_RootOrder: 0
  m_LocalEulerAnglesHint: {x: 0, y: 0, z: 0}
--- !u!1 &5761478970782482510
GameObject:
  m_ObjectHideFlags: 0
  m_CorrespondingSourceObject: {fileID: 0}
  m_PrefabInstance: {fileID: 0}
  m_PrefabAsset: {fileID: 0}
  serializedVersion: 6
  m_Component:
  - component: {fileID: 2065045498729557604}
  m_Layer: 0
  m_Name: index_01_r
  m_TagString: Untagged
  m_Icon: {fileID: 0}
  m_NavMeshLayer: 0
  m_StaticEditorFlags: 0
  m_IsActive: 1
--- !u!4 &2065045498729557604
Transform:
  m_ObjectHideFlags: 0
  m_CorrespondingSourceObject: {fileID: 0}
  m_PrefabInstance: {fileID: 0}
  m_PrefabAsset: {fileID: 0}
  m_GameObject: {fileID: 5761478970782482510}
  m_LocalRotation: {x: -0.12175189, y: 0.0023541446, z: -0.03140747, w: -0.9920608}
  m_LocalPosition: {x: 0.10982259, y: 0.008748737, z: 0.028582163}
  m_LocalScale: {x: 1, y: 0.99999994, z: 0.99999994}
  m_Children:
  - {fileID: 2727814961440956552}
  m_Father: {fileID: 131341003332476273}
  m_RootOrder: 0
  m_LocalEulerAnglesHint: {x: 0, y: 0, z: 0}
--- !u!1 &5941948757194611068
GameObject:
  m_ObjectHideFlags: 0
  m_CorrespondingSourceObject: {fileID: 0}
  m_PrefabInstance: {fileID: 0}
  m_PrefabAsset: {fileID: 0}
  serializedVersion: 6
  m_Component:
  - component: {fileID: 2272050821380684921}
  m_Layer: 0
  m_Name: foot_l
  m_TagString: Untagged
  m_Icon: {fileID: 0}
  m_NavMeshLayer: 0
  m_StaticEditorFlags: 0
  m_IsActive: 1
--- !u!4 &2272050821380684921
Transform:
  m_ObjectHideFlags: 0
  m_CorrespondingSourceObject: {fileID: 0}
  m_PrefabInstance: {fileID: 0}
  m_PrefabAsset: {fileID: 0}
  m_GameObject: {fileID: 5941948757194611068}
  m_LocalRotation: {x: -0.10274327, y: -0.041501038, z: -0.028130155, w: 0.99344367}
  m_LocalPosition: {x: 0.44611752, y: 0.00000035762793, z: -0.00000022351733}
  m_LocalScale: {x: 0.99999994, y: 0.99999994, z: 1}
  m_Children:
  - {fileID: 255654414960118893}
  m_Father: {fileID: 7222068285360099859}
  m_RootOrder: 1
  m_LocalEulerAnglesHint: {x: 0, y: 0, z: 0}
--- !u!1 &5967680824201390396
GameObject:
  m_ObjectHideFlags: 0
  m_CorrespondingSourceObject: {fileID: 0}
  m_PrefabInstance: {fileID: 0}
  m_PrefabAsset: {fileID: 0}
  serializedVersion: 6
  m_Component:
  - component: {fileID: 1256728812624216708}
  m_Layer: 0
  m_Name: calf_twist_01_l
  m_TagString: Untagged
  m_Icon: {fileID: 0}
  m_NavMeshLayer: 0
  m_StaticEditorFlags: 0
  m_IsActive: 1
--- !u!4 &1256728812624216708
Transform:
  m_ObjectHideFlags: 0
  m_CorrespondingSourceObject: {fileID: 0}
  m_PrefabInstance: {fileID: 0}
  m_PrefabAsset: {fileID: 0}
  m_GameObject: {fileID: 5967680824201390396}
  m_LocalRotation: {x: -0.000000027999103, y: 0.00000029802308, z: 0.00000036732874,
    w: 1}
  m_LocalPosition: {x: 0.22305872, y: 0.00000015465149, z: -0.0000000973832}
  m_LocalScale: {x: 0.99999994, y: 0.9999998, z: 0.9999999}
  m_Children: []
  m_Father: {fileID: 7222068285360099859}
  m_RootOrder: 0
  m_LocalEulerAnglesHint: {x: 0, y: 0, z: 0}
--- !u!1 &6003625275865134901
GameObject:
  m_ObjectHideFlags: 0
  m_CorrespondingSourceObject: {fileID: 0}
  m_PrefabInstance: {fileID: 0}
  m_PrefabAsset: {fileID: 0}
  serializedVersion: 6
  m_Component:
  - component: {fileID: 2035037241424354526}
  m_Layer: 0
  m_Name: ring_01_r
  m_TagString: Untagged
  m_Icon: {fileID: 0}
  m_NavMeshLayer: 0
  m_StaticEditorFlags: 0
  m_IsActive: 1
--- !u!4 &2035037241424354526
Transform:
  m_ObjectHideFlags: 0
  m_CorrespondingSourceObject: {fileID: 0}
  m_PrefabInstance: {fileID: 0}
  m_PrefabAsset: {fileID: 0}
  m_GameObject: {fileID: 6003625275865134901}
  m_LocalRotation: {x: -0.03051921, y: -0.09029815, z: -0.03525604, w: -0.9948225}
  m_LocalPosition: {x: 0.10880561, y: 0.00751713, z: -0.020210212}
  m_LocalScale: {x: 0.99999976, y: 1, z: 0.99999994}
  m_Children:
  - {fileID: 1286705847541333008}
  m_Father: {fileID: 131341003332476273}
  m_RootOrder: 3
  m_LocalEulerAnglesHint: {x: 0, y: 0, z: 0}
--- !u!1 &6295757920380920200
GameObject:
  m_ObjectHideFlags: 0
  m_CorrespondingSourceObject: {fileID: 0}
  m_PrefabInstance: {fileID: 0}
  m_PrefabAsset: {fileID: 0}
  serializedVersion: 6
  m_Component:
  - component: {fileID: 95844358184218883}
  m_Layer: 0
  m_Name: pinky_03_l
  m_TagString: Untagged
  m_Icon: {fileID: 0}
  m_NavMeshLayer: 0
  m_StaticEditorFlags: 0
  m_IsActive: 1
--- !u!4 &95844358184218883
Transform:
  m_ObjectHideFlags: 0
  m_CorrespondingSourceObject: {fileID: 0}
  m_PrefabInstance: {fileID: 0}
  m_PrefabAsset: {fileID: 0}
  m_GameObject: {fileID: 6295757920380920200}
  m_LocalRotation: {x: 0.022677565, y: -0.045023967, z: -0.055930577, w: 0.99716115}
  m_LocalPosition: {x: -0.018349135, y: -0.0001474056, z: -0.000055950142}
  m_LocalScale: {x: 1, y: 0.99999994, z: 0.99999994}
  m_Children: []
  m_Father: {fileID: 7493842160354965692}
  m_RootOrder: 0
  m_LocalEulerAnglesHint: {x: 0, y: 0, z: 0}
--- !u!1 &6394281972910362110
GameObject:
  m_ObjectHideFlags: 0
  m_CorrespondingSourceObject: {fileID: 0}
  m_PrefabInstance: {fileID: 0}
  m_PrefabAsset: {fileID: 0}
  serializedVersion: 6
  m_Component:
  - component: {fileID: 4124413735095559326}
  m_Layer: 0
  m_Name: index_02_l
  m_TagString: Untagged
  m_Icon: {fileID: 0}
  m_NavMeshLayer: 0
  m_StaticEditorFlags: 0
  m_IsActive: 1
--- !u!4 &4124413735095559326
Transform:
  m_ObjectHideFlags: 0
  m_CorrespondingSourceObject: {fileID: 0}
  m_PrefabInstance: {fileID: 0}
  m_PrefabAsset: {fileID: 0}
  m_GameObject: {fileID: 6394281972910362110}
  m_LocalRotation: {x: 0.0569785, y: -0.052469492, z: -0.039464142, w: 0.9962144}
  m_LocalPosition: {x: -0.034668885, y: -0.000112743626, z: -0.0002686521}
  m_LocalScale: {x: 1, y: 1, z: 0.9999999}
  m_Children:
  - {fileID: 6302655779955852047}
  m_Father: {fileID: 7080978533500961876}
  m_RootOrder: 0
  m_LocalEulerAnglesHint: {x: 0, y: 0, z: 0}
--- !u!1 &6796880790002029867
GameObject:
  m_ObjectHideFlags: 0
  m_CorrespondingSourceObject: {fileID: 0}
  m_PrefabInstance: {fileID: 0}
  m_PrefabAsset: {fileID: 0}
  serializedVersion: 6
  m_Component:
  - component: {fileID: 131341003332476273}
  m_Layer: 0
  m_Name: hand_r
  m_TagString: Untagged
  m_Icon: {fileID: 0}
  m_NavMeshLayer: 0
  m_StaticEditorFlags: 0
  m_IsActive: 1
--- !u!4 &131341003332476273
Transform:
  m_ObjectHideFlags: 0
  m_CorrespondingSourceObject: {fileID: 0}
  m_PrefabInstance: {fileID: 0}
  m_PrefabAsset: {fileID: 0}
  m_GameObject: {fileID: 6796880790002029867}
  m_LocalRotation: {x: -0.66903126, y: -0.026095089, z: -0.06297469, w: 0.7401017}
  m_LocalPosition: {x: 0.23697299, y: 0.012150144, z: -0.008115241}
  m_LocalScale: {x: 1, y: 1, z: 0.9999999}
  m_Children:
  - {fileID: 2065045498729557604}
  - {fileID: 8239347148638892251}
  - {fileID: 5480468208400201440}
  - {fileID: 2035037241424354526}
  - {fileID: 6216784004292979521}
  m_Father: {fileID: 5455502288677816924}
  m_RootOrder: 0
  m_LocalEulerAnglesHint: {x: 0, y: 0, z: 0}
--- !u!1 &6940338483299239426
GameObject:
  m_ObjectHideFlags: 0
  m_CorrespondingSourceObject: {fileID: 0}
  m_PrefabInstance: {fileID: 0}
  m_PrefabAsset: {fileID: 0}
  serializedVersion: 6
  m_Component:
  - component: {fileID: 4103626521616300313}
  - component: {fileID: 1741673089576203070}
  m_Layer: 0
  m_Name: SCIFI_ROBOT_SK_LOD0
  m_TagString: Untagged
  m_Icon: {fileID: 0}
  m_NavMeshLayer: 0
  m_StaticEditorFlags: 0
  m_IsActive: 1
--- !u!4 &4103626521616300313
Transform:
  m_ObjectHideFlags: 0
  m_CorrespondingSourceObject: {fileID: 0}
  m_PrefabInstance: {fileID: 0}
  m_PrefabAsset: {fileID: 0}
  m_GameObject: {fileID: 6940338483299239426}
  m_LocalRotation: {x: 0, y: -0, z: -0, w: 1}
  m_LocalPosition: {x: -0, y: 0, z: 0}
  m_LocalScale: {x: 1, y: 1, z: 1}
  m_Children: []
  m_Father: {fileID: 8804512159364619631}
  m_RootOrder: 0
  m_LocalEulerAnglesHint: {x: 0, y: 0, z: 0}
--- !u!137 &1741673089576203070
SkinnedMeshRenderer:
  m_ObjectHideFlags: 0
  m_CorrespondingSourceObject: {fileID: 0}
  m_PrefabInstance: {fileID: 0}
  m_PrefabAsset: {fileID: 0}
  m_GameObject: {fileID: 6940338483299239426}
  m_Enabled: 1
  m_CastShadows: 1
  m_ReceiveShadows: 1
  m_DynamicOccludee: 1
  m_MotionVectors: 1
  m_LightProbeUsage: 1
  m_ReflectionProbeUsage: 1
  m_RenderingLayerMask: 1
  m_RendererPriority: 0
  m_Materials:
  - {fileID: 2100000, guid: 3afb0f60f5897ea4fa086b655dc0b956, type: 2}
  - {fileID: 2100000, guid: 0f04b6a5901cac04aa3cf5054c4bfdc5, type: 2}
  - {fileID: 2100000, guid: 06c028f5882ea5640b866ecc610ad970, type: 2}
  m_StaticBatchInfo:
    firstSubMesh: 0
    subMeshCount: 0
  m_StaticBatchRoot: {fileID: 0}
  m_ProbeAnchor: {fileID: 0}
  m_LightProbeVolumeOverride: {fileID: 0}
  m_ScaleInLightmap: 1
  m_ReceiveGI: 1
  m_PreserveUVs: 0
  m_IgnoreNormalsForChartDetection: 0
  m_ImportantGI: 0
  m_StitchLightmapSeams: 1
  m_SelectedEditorRenderState: 3
  m_MinimumChartSize: 4
  m_AutoUVMaxDistance: 0.5
  m_AutoUVMaxAngle: 89
  m_LightmapParameters: {fileID: 0}
  m_SortingLayerID: 0
  m_SortingLayer: 0
  m_SortingOrder: 0
  serializedVersion: 2
  m_Quality: 0
  m_UpdateWhenOffscreen: 1
  m_SkinnedMotionVectors: 1
  m_Mesh: {fileID: 5997390230207556601, guid: de4926e467347db43b25e1cb4b70c2c9, type: 3}
  m_Bones:
  - {fileID: 2334939223998981370}
  - {fileID: 5393574369416112028}
  - {fileID: 6906120925545591929}
  - {fileID: 7222068285360099859}
  - {fileID: 2272050821380684921}
  - {fileID: 255654414960118893}
  - {fileID: 1256728812624216708}
  - {fileID: 2573535982960886440}
  - {fileID: 675054413854252149}
  - {fileID: 6218960501982208548}
  - {fileID: 1955393585104879607}
  - {fileID: 2083795867914569653}
  - {fileID: 7426742430163798181}
  - {fileID: 4901258335123827110}
  - {fileID: 2082514586924872993}
  - {fileID: 2052564650984731825}
  - {fileID: 6490516751719145948}
  - {fileID: 1646875333926742174}
  - {fileID: 2526813130360094574}
  - {fileID: 7490702766195686716}
  - {fileID: 3006508572141514185}
  - {fileID: 5455502288677816924}
  - {fileID: 131341003332476273}
  - {fileID: 6216784004292979521}
  - {fileID: 7331835403683347730}
  - {fileID: 7503207885112459761}
  - {fileID: 5480468208400201440}
  - {fileID: 8363411951274909623}
  - {fileID: 8216682418263515551}
  - {fileID: 2035037241424354526}
  - {fileID: 1286705847541333008}
  - {fileID: 6712324429435554468}
  - {fileID: 8239347148638892251}
  - {fileID: 2530627326918367949}
  - {fileID: 2019309797337860784}
  - {fileID: 2065045498729557604}
  - {fileID: 2727814961440956552}
  - {fileID: 8271952913794965660}
  - {fileID: 2023104876385948991}
  - {fileID: 7817639091632749553}
  - {fileID: 1129029450889257808}
  - {fileID: 3918089429015252017}
  - {fileID: 1494196967125298449}
  - {fileID: 1037642390130109605}
  - {fileID: 7326033656753552682}
  - {fileID: 97176164545683306}
  - {fileID: 7182845771845984207}
  - {fileID: 5952316455253311333}
  - {fileID: 7493842160354965692}
  - {fileID: 95844358184218883}
  - {fileID: 3302125854108109613}
  - {fileID: 418379251007507848}
  - {fileID: 6308953235864917557}
  - {fileID: 8087954663969235252}
  - {fileID: 3498922192030943127}
  - {fileID: 4256163278854695327}
  - {fileID: 7080978533500961876}
  - {fileID: 4124413735095559326}
  - {fileID: 6302655779955852047}
  - {fileID: 3372615271885085602}
  - {fileID: 8550862225985352466}
  m_BlendShapeWeights: []
  m_RootBone: {fileID: 2334939223998981370}
  m_AABB:
    m_Center: {x: 0.0036658049, y: -0.014802605, z: 0.8863221}
    m_Extent: {x: 0.68261504, y: 0.20524007, z: 0.90857}
  m_DirtyAABB: 0
--- !u!1 &7102505900616667012
GameObject:
  m_ObjectHideFlags: 0
  m_CorrespondingSourceObject: {fileID: 0}
  m_PrefabInstance: {fileID: 0}
  m_PrefabAsset: {fileID: 0}
  serializedVersion: 6
  m_Component:
  - component: {fileID: 8087954663969235252}
  m_Layer: 0
  m_Name: middle_01_l
  m_TagString: Untagged
  m_Icon: {fileID: 0}
  m_NavMeshLayer: 0
  m_StaticEditorFlags: 0
  m_IsActive: 1
--- !u!4 &8087954663969235252
Transform:
  m_ObjectHideFlags: 0
  m_CorrespondingSourceObject: {fileID: 0}
  m_PrefabInstance: {fileID: 0}
  m_PrefabAsset: {fileID: 0}
  m_GameObject: {fileID: 7102505900616667012}
  m_LocalRotation: {x: 0.025702335, y: 0.015732316, z: -0.017958311, w: 0.9993846}
  m_LocalPosition: {x: -0.11682045, y: -0.000660307, z: 0.010622905}
  m_LocalScale: {x: 0.99999994, y: 1, z: 1.0000001}
  m_Children:
  - {fileID: 3498922192030943127}
  m_Father: {fileID: 1037642390130109605}
  m_RootOrder: 1
  m_LocalEulerAnglesHint: {x: 0, y: 0, z: 0}
--- !u!1 &7205768935307866322
GameObject:
  m_ObjectHideFlags: 0
  m_CorrespondingSourceObject: {fileID: 0}
  m_PrefabInstance: {fileID: 0}
  m_PrefabAsset: {fileID: 0}
  serializedVersion: 6
  m_Component:
  - component: {fileID: 5480468208400201440}
  m_Layer: 0
  m_Name: pinky_01_r
  m_TagString: Untagged
  m_Icon: {fileID: 0}
  m_NavMeshLayer: 0
  m_StaticEditorFlags: 0
  m_IsActive: 1
--- !u!4 &5480468208400201440
Transform:
  m_ObjectHideFlags: 0
  m_CorrespondingSourceObject: {fileID: 0}
  m_PrefabInstance: {fileID: 0}
  m_PrefabAsset: {fileID: 0}
  m_GameObject: {fileID: 7205768935307866322}
  m_LocalRotation: {x: 0.06617468, y: -0.12649933, z: -0.031325664, w: -0.9892611}
  m_LocalPosition: {x: 0.10291875, y: 0.008291022, z: -0.042167854}
  m_LocalScale: {x: 0.9999999, y: 1, z: 0.99999994}
  m_Children:
  - {fileID: 8363411951274909623}
  m_Father: {fileID: 131341003332476273}
  m_RootOrder: 2
  m_LocalEulerAnglesHint: {x: 0, y: 0, z: 0}
--- !u!1 &7246899018567646110
GameObject:
  m_ObjectHideFlags: 0
  m_CorrespondingSourceObject: {fileID: 0}
  m_PrefabInstance: {fileID: 0}
  m_PrefabAsset: {fileID: 0}
  serializedVersion: 6
  m_Component:
  - component: {fileID: 2334939223998981370}
  m_Layer: 0
  m_Name: root
  m_TagString: Untagged
  m_Icon: {fileID: 0}
  m_NavMeshLayer: 0
  m_StaticEditorFlags: 0
  m_IsActive: 1
--- !u!4 &2334939223998981370
Transform:
  m_ObjectHideFlags: 0
  m_CorrespondingSourceObject: {fileID: 0}
  m_PrefabInstance: {fileID: 0}
  m_PrefabAsset: {fileID: 0}
  m_GameObject: {fileID: 7246899018567646110}
  m_LocalRotation: {x: -0.00000008146033, y: -0, z: -0, w: 1}
  m_LocalPosition: {x: 0, y: 0, z: 0}
  m_LocalScale: {x: 1, y: 1, z: 1}
  m_Children:
  - {fileID: 5393574369416112028}
  m_Father: {fileID: 5616544439962156743}
  m_RootOrder: 0
  m_LocalEulerAnglesHint: {x: 0, y: 0, z: 0}
--- !u!1 &7287084107734233156
GameObject:
  m_ObjectHideFlags: 0
  m_CorrespondingSourceObject: {fileID: 0}
  m_PrefabInstance: {fileID: 0}
  m_PrefabAsset: {fileID: 0}
  serializedVersion: 6
  m_Component:
  - component: {fileID: 7331835403683347730}
  m_Layer: 0
  m_Name: thumb_02_r
  m_TagString: Untagged
  m_Icon: {fileID: 0}
  m_NavMeshLayer: 0
  m_StaticEditorFlags: 0
  m_IsActive: 1
--- !u!4 &7331835403683347730
Transform:
  m_ObjectHideFlags: 0
  m_CorrespondingSourceObject: {fileID: 0}
  m_PrefabInstance: {fileID: 0}
  m_PrefabAsset: {fileID: 0}
  m_GameObject: {fileID: 7287084107734233156}
  m_LocalRotation: {x: 0.023828091, y: 0.0044282605, z: -0.05901935, w: -0.9979626}
  m_LocalPosition: {x: 0.032146987, y: -0.000054258868, z: 0.0000016093257}
  m_LocalScale: {x: 1, y: 1.0000001, z: 1.0000001}
  m_Children:
  - {fileID: 7503207885112459761}
  m_Father: {fileID: 6216784004292979521}
  m_RootOrder: 0
  m_LocalEulerAnglesHint: {x: 0, y: 0, z: 0}
--- !u!1 &7348554782231121486
GameObject:
  m_ObjectHideFlags: 0
  m_CorrespondingSourceObject: {fileID: 0}
  m_PrefabInstance: {fileID: 0}
  m_PrefabAsset: {fileID: 0}
  serializedVersion: 6
  m_Component:
  - component: {fileID: 418379251007507848}
  m_Layer: 0
  m_Name: ring_02_l
  m_TagString: Untagged
  m_Icon: {fileID: 0}
  m_NavMeshLayer: 0
  m_StaticEditorFlags: 0
  m_IsActive: 1
--- !u!4 &418379251007507848
Transform:
  m_ObjectHideFlags: 0
  m_CorrespondingSourceObject: {fileID: 0}
  m_PrefabInstance: {fileID: 0}
  m_PrefabAsset: {fileID: 0}
  m_GameObject: {fileID: 7348554782231121486}
  m_LocalRotation: {x: 0.058938522, y: -0.05168517, z: -0.013754964, w: 0.99682784}
  m_LocalPosition: {x: -0.032790083, y: -0.0004398752, z: -0.0000994727}
  m_LocalScale: {x: 1.0000001, y: 1.0000001, z: 1}
  m_Children:
  - {fileID: 6308953235864917557}
  m_Father: {fileID: 3302125854108109613}
  m_RootOrder: 0
  m_LocalEulerAnglesHint: {x: 0, y: 0, z: 0}
--- !u!1 &7671346320762841410
GameObject:
  m_ObjectHideFlags: 0
  m_CorrespondingSourceObject: {fileID: 0}
  m_PrefabInstance: {fileID: 0}
  m_PrefabAsset: {fileID: 0}
  serializedVersion: 6
  m_Component:
  - component: {fileID: 7817639091632749553}
  m_Layer: 0
  m_Name: upperarm_twist_01_r
  m_TagString: Untagged
  m_Icon: {fileID: 0}
  m_NavMeshLayer: 0
  m_StaticEditorFlags: 0
  m_IsActive: 1
--- !u!4 &7817639091632749553
Transform:
  m_ObjectHideFlags: 0
  m_CorrespondingSourceObject: {fileID: 0}
  m_PrefabInstance: {fileID: 0}
  m_PrefabAsset: {fileID: 0}
  m_GameObject: {fileID: 7671346320762841410}
  m_LocalRotation: {x: 0.00000003418442, y: 0.0000016093253, z: -0.00000018805004,
    w: 1}
  m_LocalPosition: {x: 0.0001448283, y: 0.000060936803, z: -0.00013754034}
  m_LocalScale: {x: 1, y: 1, z: 1.0000001}
  m_Children: []
  m_Father: {fileID: 3006508572141514185}
  m_RootOrder: 1
  m_LocalEulerAnglesHint: {x: 0, y: 0, z: 0}
--- !u!1 &7729214671262505166
GameObject:
  m_ObjectHideFlags: 0
  m_CorrespondingSourceObject: {fileID: 0}
  m_PrefabInstance: {fileID: 0}
  m_PrefabAsset: {fileID: 0}
  serializedVersion: 6
  m_Component:
  - component: {fileID: 2052564650984731825}
  m_Layer: 0
  m_Name: spine_02
  m_TagString: Untagged
  m_Icon: {fileID: 0}
  m_NavMeshLayer: 0
  m_StaticEditorFlags: 0
  m_IsActive: 1
--- !u!4 &2052564650984731825
Transform:
  m_ObjectHideFlags: 0
  m_CorrespondingSourceObject: {fileID: 0}
  m_PrefabInstance: {fileID: 0}
  m_PrefabAsset: {fileID: 0}
  m_GameObject: {fileID: 7729214671262505166}
  m_LocalRotation: {x: 0.0043114014, y: 0.0017965304, z: -0.10584985, w: 0.9943712}
  m_LocalPosition: {x: -0.20388418, y: 0.01723625, z: -0.00021990525}
  m_LocalScale: {x: 1, y: 0.99999994, z: 0.9999999}
  m_Children:
  - {fileID: 6490516751719145948}
  - {fileID: 8796657332232983436}
  - {fileID: 7915279772834323065}
  m_Father: {fileID: 2082514586924872993}
  m_RootOrder: 0
  m_LocalEulerAnglesHint: {x: 0, y: 0, z: 0}
--- !u!1 &7737321192285427256
GameObject:
  m_ObjectHideFlags: 0
  m_CorrespondingSourceObject: {fileID: 0}
  m_PrefabInstance: {fileID: 0}
  m_PrefabAsset: {fileID: 0}
  serializedVersion: 6
  m_Component:
  - component: {fileID: 2526813130360094574}
  m_Layer: 0
  m_Name: head
  m_TagString: Untagged
  m_Icon: {fileID: 0}
  m_NavMeshLayer: 0
  m_StaticEditorFlags: 0
  m_IsActive: 1
--- !u!4 &2526813130360094574
Transform:
  m_ObjectHideFlags: 0
  m_CorrespondingSourceObject: {fileID: 0}
  m_PrefabInstance: {fileID: 0}
  m_PrefabAsset: {fileID: 0}
  m_GameObject: {fileID: 7737321192285427256}
  m_LocalRotation: {x: -0.006887039, y: 0.010254981, z: -0.04826361, w: 0.99875826}
  m_LocalPosition: {x: -0.09251025, y: 0.020370698, z: 0.00006388315}
  m_LocalScale: {x: 1, y: 1, z: 1.0000001}
  m_Children:
  - {fileID: 5616544440508912618}
  m_Father: {fileID: 1646875333926742174}
  m_RootOrder: 0
  m_LocalEulerAnglesHint: {x: 0, y: 0, z: 0}
--- !u!1 &7767430171895824637
GameObject:
  m_ObjectHideFlags: 0
  m_CorrespondingSourceObject: {fileID: 0}
  m_PrefabInstance: {fileID: 0}
  m_PrefabAsset: {fileID: 0}
  serializedVersion: 6
  m_Component:
  - component: {fileID: 2019309797337860784}
  m_Layer: 0
  m_Name: middle_03_r
  m_TagString: Untagged
  m_Icon: {fileID: 0}
  m_NavMeshLayer: 0
  m_StaticEditorFlags: 0
  m_IsActive: 1
--- !u!4 &2019309797337860784
Transform:
  m_ObjectHideFlags: 0
  m_CorrespondingSourceObject: {fileID: 0}
  m_PrefabInstance: {fileID: 0}
  m_PrefabAsset: {fileID: 0}
  m_GameObject: {fileID: 7767430171895824637}
  m_LocalRotation: {x: -0.031369995, y: 0.0077590933, z: -0.008268711, w: -0.99944353}
  m_LocalPosition: {x: 0.03337212, y: -0.0013978352, z: 0.00043227096}
  m_LocalScale: {x: 0.9999999, y: 0.99999994, z: 1}
  m_Children: []
  m_Father: {fileID: 2530627326918367949}
  m_RootOrder: 0
  m_LocalEulerAnglesHint: {x: 0, y: 0, z: 0}
--- !u!1 &8027641080789290141
GameObject:
  m_ObjectHideFlags: 0
  m_CorrespondingSourceObject: {fileID: 0}
  m_PrefabInstance: {fileID: 0}
  m_PrefabAsset: {fileID: 0}
  serializedVersion: 6
  m_Component:
  - component: {fileID: 7080978533500961876}
  m_Layer: 0
  m_Name: index_01_l
  m_TagString: Untagged
  m_Icon: {fileID: 0}
  m_NavMeshLayer: 0
  m_StaticEditorFlags: 0
  m_IsActive: 1
--- !u!4 &7080978533500961876
Transform:
  m_ObjectHideFlags: 0
  m_CorrespondingSourceObject: {fileID: 0}
  m_PrefabInstance: {fileID: 0}
  m_PrefabAsset: {fileID: 0}
  m_GameObject: {fileID: 8027641080789290141}
  m_LocalRotation: {x: 0.12610392, y: 0.079626136, z: 0.00005614756, w: 0.98881626}
  m_LocalPosition: {x: -0.120414734, y: 0.0038686893, z: -0.014137883}
  m_LocalScale: {x: 1, y: 0.99999994, z: 1.0000001}
  m_Children:
  - {fileID: 4124413735095559326}
  m_Father: {fileID: 1037642390130109605}
  m_RootOrder: 0
  m_LocalEulerAnglesHint: {x: 0, y: 0, z: 0}
--- !u!95 &629706575190321000
Animator:
  serializedVersion: 3
  m_ObjectHideFlags: 0
  m_CorrespondingSourceObject: {fileID: 0}
  m_PrefabInstance: {fileID: 0}
  m_PrefabAsset: {fileID: 0}
  m_GameObject: {fileID: 8092299877668249628}
  m_Enabled: 1
  m_Avatar: {fileID: 0}
  m_Controller: {fileID: 9100000, guid: 08bf7401863796f47bcf19b02f84179d, type: 2}
  m_CullingMode: 0
  m_UpdateMode: 0
  m_ApplyRootMotion: 0
  m_LinearVelocityBlending: 0
  m_WarningMessage: 
  m_HasTransformHierarchy: 1
  m_AllowConstantClipSamplingOptimization: 1
  m_KeepAnimatorControllerStateOnDisable: 0
--- !u!114 &6937145026984753583
MonoBehaviour:
  m_ObjectHideFlags: 0
  m_CorrespondingSourceObject: {fileID: 0}
  m_PrefabInstance: {fileID: 0}
  m_PrefabAsset: {fileID: 0}
  m_GameObject: {fileID: 8092299877668249628}
  m_Enabled: 1
  m_EditorHideFlags: 0
  m_Script: {fileID: 11500000, guid: aa584fbee541324448dd18d8409c7a41, type: 3}
  m_Name: 
  m_EditorClassIdentifier: 
  ObservedComponentsFoldoutOpen: 1
  Group: 0
  prefixField: -1
  Synchronization: 3
  OwnershipTransfer: 0
  ObservedComponents:
  - {fileID: 8042548563806591903}
  viewIdField: 0
  InstantiationId: 0
  isRuntimeInstantiated: 0
--- !u!114 &8042548563806591903
MonoBehaviour:
  m_ObjectHideFlags: 0
  m_CorrespondingSourceObject: {fileID: 0}
  m_PrefabInstance: {fileID: 0}
  m_PrefabAsset: {fileID: 0}
  m_GameObject: {fileID: 8092299877668249628}
  m_Enabled: 1
  m_EditorHideFlags: 0
  m_Script: {fileID: 11500000, guid: 9b8c4a61274f60b4ea5fb4299cfdbf14, type: 3}
  m_Name: 
  m_EditorClassIdentifier: 
  ShowLayerWeightsInspector: 1
  ShowParameterInspector: 1
  m_SynchronizeParameters:
  - Type: 4
    SynchronizeType: 1
    Name: Reload
  - Type: 9
    SynchronizeType: 1
    Name: Shoot
  m_SynchronizeLayers:
  - SynchronizeType: 0
    LayerIndex: 0
--- !u!1 &8095226982968487910
GameObject:
  m_ObjectHideFlags: 0
  m_CorrespondingSourceObject: {fileID: 0}
  m_PrefabInstance: {fileID: 0}
  m_PrefabAsset: {fileID: 0}
  serializedVersion: 6
  m_Component:
  - component: {fileID: 7503207885112459761}
  m_Layer: 0
  m_Name: thumb_03_r
  m_TagString: Untagged
  m_Icon: {fileID: 0}
  m_NavMeshLayer: 0
  m_StaticEditorFlags: 0
  m_IsActive: 1
--- !u!4 &7503207885112459761
Transform:
  m_ObjectHideFlags: 0
  m_CorrespondingSourceObject: {fileID: 0}
  m_PrefabInstance: {fileID: 0}
  m_PrefabAsset: {fileID: 0}
  m_GameObject: {fileID: 8095226982968487910}
  m_LocalRotation: {x: -0.016012952, y: 0.06284082, z: -0.054312408, w: -0.99641603}
  m_LocalPosition: {x: 0.024409212, y: -0.0044909935, z: 0.000038808215}
  m_LocalScale: {x: 1, y: 0.99999994, z: 0.9999998}
  m_Children: []
  m_Father: {fileID: 7331835403683347730}
  m_RootOrder: 0
  m_LocalEulerAnglesHint: {x: 0, y: 0, z: 0}
--- !u!1 &8133519788976342194
GameObject:
  m_ObjectHideFlags: 0
  m_CorrespondingSourceObject: {fileID: 0}
  m_PrefabInstance: {fileID: 0}
  m_PrefabAsset: {fileID: 0}
  serializedVersion: 6
  m_Component:
  - component: {fileID: 675054413854252149}
  m_Layer: 0
  m_Name: thigh_r
  m_TagString: Untagged
  m_Icon: {fileID: 0}
  m_NavMeshLayer: 0
  m_StaticEditorFlags: 0
  m_IsActive: 1
--- !u!4 &675054413854252149
Transform:
  m_ObjectHideFlags: 0
  m_CorrespondingSourceObject: {fileID: 0}
  m_PrefabInstance: {fileID: 0}
  m_PrefabAsset: {fileID: 0}
  m_GameObject: {fileID: 8133519788976342194}
  m_LocalRotation: {x: 0.018048221, y: 0.20922738, z: 0.9687235, w: 0.13218562}
  m_LocalPosition: {x: -0.0036013678, y: -0.009244062, z: 0.068018846}
  m_LocalScale: {x: 0.9999999, y: 0.9999997, z: 0.9999998}
  m_Children:
  - {fileID: 6218960501982208548}
  - {fileID: 4901258335123827110}
  m_Father: {fileID: 5393574369416112028}
  m_RootOrder: 2
  m_LocalEulerAnglesHint: {x: 0, y: 0, z: 0}
--- !u!1 &8147826485340617821
GameObject:
  m_ObjectHideFlags: 0
  m_CorrespondingSourceObject: {fileID: 0}
  m_PrefabInstance: {fileID: 0}
  m_PrefabAsset: {fileID: 0}
  serializedVersion: 6
  m_Component:
  - component: {fileID: 3006508572141514185}
  m_Layer: 0
  m_Name: upperarm_r
  m_TagString: Untagged
  m_Icon: {fileID: 0}
  m_NavMeshLayer: 0
  m_StaticEditorFlags: 0
  m_IsActive: 1
--- !u!4 &3006508572141514185
Transform:
  m_ObjectHideFlags: 0
  m_CorrespondingSourceObject: {fileID: 0}
  m_PrefabInstance: {fileID: 0}
  m_PrefabAsset: {fileID: 0}
  m_GameObject: {fileID: 8147826485340617821}
  m_LocalRotation: {x: -0.009951104, y: -0.47685677, z: 0.036993217, w: 0.8781459}
  m_LocalPosition: {x: 0.122870706, y: 0.0142208, z: 0.03826399}
  m_LocalScale: {x: 1.0000001, y: 1, z: 0.9999999}
  m_Children:
  - {fileID: 5455502288677816924}
  - {fileID: 7817639091632749553}
  m_Father: {fileID: 7490702766195686716}
  m_RootOrder: 0
  m_LocalEulerAnglesHint: {x: 0, y: 0, z: 0}
--- !u!1 &8237374448246831756
GameObject:
  m_ObjectHideFlags: 0
  m_CorrespondingSourceObject: {fileID: 0}
  m_PrefabInstance: {fileID: 0}
  m_PrefabAsset: {fileID: 0}
  serializedVersion: 6
  m_Component:
  - component: {fileID: 8239347148638892251}
  m_Layer: 0
  m_Name: middle_01_r
  m_TagString: Untagged
  m_Icon: {fileID: 0}
  m_NavMeshLayer: 0
  m_StaticEditorFlags: 0
  m_IsActive: 1
--- !u!4 &8239347148638892251
Transform:
  m_ObjectHideFlags: 0
  m_CorrespondingSourceObject: {fileID: 0}
  m_PrefabInstance: {fileID: 0}
  m_PrefabAsset: {fileID: 0}
  m_GameObject: {fileID: 8237374448246831756}
  m_LocalRotation: {x: -0.03600211, y: -0.0016127003, z: -0.030280963, w: -0.9988916}
  m_LocalPosition: {x: 0.11149898, y: 0.00884153, z: 0.002564891}
  m_LocalScale: {x: 0.99999994, y: 1.0000001, z: 0.9999999}
  m_Children:
  - {fileID: 2530627326918367949}
  m_Father: {fileID: 131341003332476273}
  m_RootOrder: 1
  m_LocalEulerAnglesHint: {x: 0, y: 0, z: 0}
--- !u!1 &8311165331059784647
GameObject:
  m_ObjectHideFlags: 0
  m_CorrespondingSourceObject: {fileID: 0}
  m_PrefabInstance: {fileID: 0}
  m_PrefabAsset: {fileID: 0}
  serializedVersion: 6
  m_Component:
  - component: {fileID: 3918089429015252017}
  m_Layer: 0
  m_Name: upperarm_l
  m_TagString: Untagged
  m_Icon: {fileID: 0}
  m_NavMeshLayer: 0
  m_StaticEditorFlags: 0
  m_IsActive: 1
--- !u!4 &3918089429015252017
Transform:
  m_ObjectHideFlags: 0
  m_CorrespondingSourceObject: {fileID: 0}
  m_PrefabInstance: {fileID: 0}
  m_PrefabAsset: {fileID: 0}
  m_GameObject: {fileID: 8311165331059784647}
  m_LocalRotation: {x: 0.058818467, y: -0.6121823, z: -0.066928156, w: 0.7856804}
  m_LocalPosition: {x: -0.079182945, y: -0.005211541, z: -0.012814645}
  m_LocalScale: {x: 0.9999999, y: 1.0000001, z: 0.99999994}
  m_Children:
  - {fileID: 1494196967125298449}
  - {fileID: 8550862225985352466}
  m_Father: {fileID: 1129029450889257808}
  m_RootOrder: 0
  m_LocalEulerAnglesHint: {x: 0, y: 0, z: 0}
--- !u!1 &8594750613167870777
GameObject:
  m_ObjectHideFlags: 0
  m_CorrespondingSourceObject: {fileID: 0}
  m_PrefabInstance: {fileID: 0}
  m_PrefabAsset: {fileID: 0}
  serializedVersion: 6
  m_Component:
  - component: {fileID: 2082514586924872993}
  m_Layer: 0
  m_Name: spine_01
  m_TagString: Untagged
  m_Icon: {fileID: 0}
  m_NavMeshLayer: 0
  m_StaticEditorFlags: 0
  m_IsActive: 1
--- !u!4 &2082514586924872993
Transform:
  m_ObjectHideFlags: 0
  m_CorrespondingSourceObject: {fileID: 0}
  m_PrefabInstance: {fileID: 0}
  m_PrefabAsset: {fileID: 0}
  m_GameObject: {fileID: 8594750613167870777}
  m_LocalRotation: {x: 0.014679388, y: 0.0203156, z: -0.0030509003, w: 0.9996812}
  m_LocalPosition: {x: -0.10011433, y: -0.0011812897, z: 0.00013630278}
  m_LocalScale: {x: 0.99999994, y: 0.99999994, z: 1.0000001}
  m_Children:
  - {fileID: 2052564650984731825}
  m_Father: {fileID: 5393574369416112028}
  m_RootOrder: 0
  m_LocalEulerAnglesHint: {x: 0, y: 0, z: 0}
--- !u!95 &139581683968347245
Animator:
  serializedVersion: 3
  m_ObjectHideFlags: 0
  m_CorrespondingSourceObject: {fileID: 0}
  m_PrefabInstance: {fileID: 0}
  m_PrefabAsset: {fileID: 0}
  m_GameObject: {fileID: 8911111498503053817}
  m_Enabled: 1
  m_Avatar: {fileID: 0}
  m_Controller: {fileID: 9100000, guid: 2d82ebcdcb6b6a34cb24e6bb7ae7bd94, type: 2}
  m_CullingMode: 0
  m_UpdateMode: 0
  m_ApplyRootMotion: 0
  m_LinearVelocityBlending: 0
  m_WarningMessage: 
  m_HasTransformHierarchy: 1
  m_AllowConstantClipSamplingOptimization: 1
  m_KeepAnimatorControllerStateOnDisable: 0
--- !u!114 &107596706458365099
MonoBehaviour:
  m_ObjectHideFlags: 0
  m_CorrespondingSourceObject: {fileID: 0}
  m_PrefabInstance: {fileID: 0}
  m_PrefabAsset: {fileID: 0}
  m_GameObject: {fileID: 8911111498503053817}
  m_Enabled: 1
  m_EditorHideFlags: 0
  m_Script: {fileID: 11500000, guid: aa584fbee541324448dd18d8409c7a41, type: 3}
  m_Name: 
  m_EditorClassIdentifier: 
  ObservedComponentsFoldoutOpen: 1
  Group: 0
  prefixField: -1
  Synchronization: 3
  OwnershipTransfer: 0
  ObservedComponents:
  - {fileID: 1091734334911473851}
  viewIdField: 0
  InstantiationId: 0
  isRuntimeInstantiated: 0
--- !u!114 &1091734334911473851
MonoBehaviour:
  m_ObjectHideFlags: 0
  m_CorrespondingSourceObject: {fileID: 0}
  m_PrefabInstance: {fileID: 0}
  m_PrefabAsset: {fileID: 0}
  m_GameObject: {fileID: 8911111498503053817}
  m_Enabled: 1
  m_EditorHideFlags: 0
  m_Script: {fileID: 11500000, guid: 9b8c4a61274f60b4ea5fb4299cfdbf14, type: 3}
  m_Name: 
  m_EditorClassIdentifier: 
  ShowLayerWeightsInspector: 1
  ShowParameterInspector: 1
  m_SynchronizeParameters:
  - Type: 4
    SynchronizeType: 1
    Name: Aim
  - Type: 9
    SynchronizeType: 1
    Name: Shoot
  - Type: 1
    SynchronizeType: 2
    Name: Zoom
  m_SynchronizeLayers:
  - SynchronizeType: 1
    LayerIndex: 0
--- !u!114 &1566802544102977912
MonoBehaviour:
  m_ObjectHideFlags: 0
  m_CorrespondingSourceObject: {fileID: 0}
  m_PrefabInstance: {fileID: 0}
  m_PrefabAsset: {fileID: 0}
  m_GameObject: {fileID: 8911111498503053817}
  m_Enabled: 1
  m_EditorHideFlags: 0
  m_Script: {fileID: 11500000, guid: bbdd5135aa5843c43836874fc8cb22ce, type: 3}
  m_Name: 
  m_EditorClassIdentifier: 
  muzzleFlash: {fileID: 0}
  shootSound: {fileID: 0}
  reloadSound: {fileID: 0}
  attackPoint: {fileID: 0}
  ammo: 3
  reloadSpeed: 0.2
  fireRate: 1
  damage: 12
  maxDamage: 120
  chargeRate: 144
  weaponAim: 2
  weaponFireType: 0
  bulletType: 0
  anim: {fileID: 0}
  secondAnim: {fileID: 0}
--- !u!1 &8911111499048897748
GameObject:
  m_ObjectHideFlags: 0
  m_CorrespondingSourceObject: {fileID: 0}
  m_PrefabInstance: {fileID: 0}
  m_PrefabAsset: {fileID: 0}
  serializedVersion: 6
  m_Component:
  - component: {fileID: 5616544439962156743}
  - component: {fileID: 2556912816132395965}
  - component: {fileID: 3260470198041632751}
  - component: {fileID: 6455295929913960970}
  - component: {fileID: 6601224775143140385}
  m_Layer: 0
  m_Name: SURGE
  m_TagString: Untagged
  m_Icon: {fileID: 0}
  m_NavMeshLayer: 0
  m_StaticEditorFlags: 0
  m_IsActive: 1
--- !u!4 &5616544439962156743
Transform:
  m_ObjectHideFlags: 0
  m_CorrespondingSourceObject: {fileID: 0}
  m_PrefabInstance: {fileID: 0}
  m_PrefabAsset: {fileID: 0}
  m_GameObject: {fileID: 8911111499048897748}
  m_LocalRotation: {x: 0, y: 0, z: 0, w: 1}
  m_LocalPosition: {x: 0, y: 0, z: 0}
  m_LocalScale: {x: 1, y: 1, z: 1}
  m_Children:
  - {fileID: 2334939223998981370}
  - {fileID: 8804512159364619631}
  m_Father: {fileID: 0}
  m_RootOrder: 0
  m_LocalEulerAnglesHint: {x: 0, y: 0, z: 0}
--- !u!95 &2556912816132395965
Animator:
  serializedVersion: 3
  m_ObjectHideFlags: 0
  m_CorrespondingSourceObject: {fileID: 0}
  m_PrefabInstance: {fileID: 0}
  m_PrefabAsset: {fileID: 0}
  m_GameObject: {fileID: 8911111499048897748}
  m_Enabled: 1
  m_Avatar: {fileID: 9000000, guid: de4926e467347db43b25e1cb4b70c2c9, type: 3}
  m_Controller: {fileID: 9100000, guid: b21ab2b114496fc44a22bda241b01229, type: 2}
  m_CullingMode: 1
  m_UpdateMode: 0
  m_ApplyRootMotion: 0
  m_LinearVelocityBlending: 0
  m_WarningMessage: 
  m_HasTransformHierarchy: 1
  m_AllowConstantClipSamplingOptimization: 1
  m_KeepAnimatorControllerStateOnDisable: 0
--- !u!114 &3260470198041632751
MonoBehaviour:
  m_ObjectHideFlags: 0
  m_CorrespondingSourceObject: {fileID: 0}
  m_PrefabInstance: {fileID: 0}
  m_PrefabAsset: {fileID: 0}
  m_GameObject: {fileID: 8911111499048897748}
  m_Enabled: 1
  m_EditorHideFlags: 0
  m_Script: {fileID: 11500000, guid: aa584fbee541324448dd18d8409c7a41, type: 3}
  m_Name: 
  m_EditorClassIdentifier: 
  ObservedComponentsFoldoutOpen: 1
  Group: 0
  prefixField: -1
  Synchronization: 3
  OwnershipTransfer: 0
  ObservedComponents:
  - {fileID: 6455295929913960970}
  viewIdField: 0
  InstantiationId: 0
  isRuntimeInstantiated: 0
--- !u!114 &6455295929913960970
MonoBehaviour:
  m_ObjectHideFlags: 0
  m_CorrespondingSourceObject: {fileID: 0}
  m_PrefabInstance: {fileID: 0}
  m_PrefabAsset: {fileID: 0}
  m_GameObject: {fileID: 8911111499048897748}
  m_Enabled: 1
  m_EditorHideFlags: 0
  m_Script: {fileID: 11500000, guid: 9b8c4a61274f60b4ea5fb4299cfdbf14, type: 3}
  m_Name: 
  m_EditorClassIdentifier: 
  ShowLayerWeightsInspector: 1
  ShowParameterInspector: 1
  m_SynchronizeParameters:
  - Type: 1
    SynchronizeType: 2
    Name: Input
  - Type: 1
    SynchronizeType: 2
    Name: InputX
  - Type: 1
    SynchronizeType: 2
    Name: InputY
  - Type: 4
    SynchronizeType: 1
    Name: Teleport
  - Type: 9
    SynchronizeType: 1
    Name: Scan
  - Type: 4
    SynchronizeType: 1
    Name: IsGrounded
  - Type: 4
    SynchronizeType: 1
    Name: doJump
  - Type: 4
    SynchronizeType: 1
    Name: isSlowed
  - Type: 1
    SynchronizeType: 1
    Name: SpeedMultiplier
  - Type: 4
    SynchronizeType: 1
    Name: isRooted
  - Type: 4
    SynchronizeType: 1
    Name: isStunned
  - Type: 4
    SynchronizeType: 1
    Name: Zoom
  - Type: 4
    SynchronizeType: 1
    Name: DashBack
  - Type: 4
    SynchronizeType: 1
    Name: ShootLeft
  - Type: 4
    SynchronizeType: 1
    Name: ShootRight
  m_SynchronizeLayers:
  - SynchronizeType: 0
    LayerIndex: 0
  - SynchronizeType: 1
    LayerIndex: 1
--- !u!114 &6601224775143140385
MonoBehaviour:
  m_ObjectHideFlags: 0
  m_CorrespondingSourceObject: {fileID: 0}
  m_PrefabInstance: {fileID: 0}
  m_PrefabAsset: {fileID: 0}
  m_GameObject: {fileID: 8911111499048897748}
  m_Enabled: 1
  m_EditorHideFlags: 0
  m_Script: {fileID: 11500000, guid: af7b671e0a98f0a4c842dab5cf242846, type: 3}
  m_Name: 
  m_EditorClassIdentifier: 
  lookAtObject: {fileID: 0}
  weight: 1
  headBodyWeight: 0.9
--- !u!1 &9142649029846986222
GameObject:
  m_ObjectHideFlags: 0
  m_CorrespondingSourceObject: {fileID: 0}
  m_PrefabInstance: {fileID: 0}
  m_PrefabAsset: {fileID: 0}
  serializedVersion: 6
  m_Component:
  - component: {fileID: 7222068285360099859}
  m_Layer: 0
  m_Name: calf_l
  m_TagString: Untagged
  m_Icon: {fileID: 0}
  m_NavMeshLayer: 0
  m_StaticEditorFlags: 0
  m_IsActive: 1
--- !u!4 &7222068285360099859
Transform:
  m_ObjectHideFlags: 0
  m_CorrespondingSourceObject: {fileID: 0}
  m_PrefabInstance: {fileID: 0}
  m_PrefabAsset: {fileID: 0}
  m_GameObject: {fileID: 9142649029846986222}
  m_LocalRotation: {x: 0.0367461, y: 0.03067413, z: 0.21198313, w: 0.97610044}
  m_LocalPosition: {x: 0.45395118, y: 0, z: -0.000000044703476}
  m_LocalScale: {x: 1.0000001, y: 1.0000001, z: 1.0000002}
  m_Children:
  - {fileID: 1256728812624216708}
  - {fileID: 2272050821380684921}
  m_Father: {fileID: 6906120925545591929}
  m_RootOrder: 0
  m_LocalEulerAnglesHint: {x: 0, y: 0, z: 0}
--- !u!1001 &615671156676180208
PrefabInstance:
  m_ObjectHideFlags: 0
  serializedVersion: 2
  m_Modification:
    m_TransformParent: {fileID: 2526813130360094574}
    m_Modifications:
    - target: {fileID: -927199367670048503, guid: 120f45ef160484d4d9cc8e8667c70dbc,
        type: 3}
      propertyPath: m_Name
      value: SURGE_Sniper
      objectReference: {fileID: 0}
    - target: {fileID: -4216859302048453862, guid: 120f45ef160484d4d9cc8e8667c70dbc,
        type: 3}
      propertyPath: m_LocalPosition.x
      value: -0.03364651
      objectReference: {fileID: 0}
    - target: {fileID: -4216859302048453862, guid: 120f45ef160484d4d9cc8e8667c70dbc,
        type: 3}
      propertyPath: m_LocalPosition.y
      value: -0.013780438
      objectReference: {fileID: 0}
    - target: {fileID: -4216859302048453862, guid: 120f45ef160484d4d9cc8e8667c70dbc,
        type: 3}
      propertyPath: m_LocalPosition.z
      value: 0.0006625859
      objectReference: {fileID: 0}
    - target: {fileID: -4216859302048453862, guid: 120f45ef160484d4d9cc8e8667c70dbc,
        type: 3}
      propertyPath: m_LocalRotation.x
      value: 0.49716815
      objectReference: {fileID: 0}
    - target: {fileID: -4216859302048453862, guid: 120f45ef160484d4d9cc8e8667c70dbc,
        type: 3}
      propertyPath: m_LocalRotation.y
      value: -0.5028643
      objectReference: {fileID: 0}
    - target: {fileID: -4216859302048453862, guid: 120f45ef160484d4d9cc8e8667c70dbc,
        type: 3}
      propertyPath: m_LocalRotation.z
      value: 0.500925
      objectReference: {fileID: 0}
    - target: {fileID: -4216859302048453862, guid: 120f45ef160484d4d9cc8e8667c70dbc,
        type: 3}
      propertyPath: m_LocalRotation.w
      value: 0.49902454
      objectReference: {fileID: 0}
    - target: {fileID: -4216859302048453862, guid: 120f45ef160484d4d9cc8e8667c70dbc,
        type: 3}
      propertyPath: m_RootOrder
      value: 0
      objectReference: {fileID: 0}
    - target: {fileID: -4216859302048453862, guid: 120f45ef160484d4d9cc8e8667c70dbc,
        type: 3}
      propertyPath: m_LocalEulerAnglesHint.x
      value: 0
      objectReference: {fileID: 0}
    - target: {fileID: -4216859302048453862, guid: 120f45ef160484d4d9cc8e8667c70dbc,
        type: 3}
      propertyPath: m_LocalEulerAnglesHint.y
      value: 0
      objectReference: {fileID: 0}
    - target: {fileID: -4216859302048453862, guid: 120f45ef160484d4d9cc8e8667c70dbc,
        type: 3}
      propertyPath: m_LocalEulerAnglesHint.z
      value: 0
      objectReference: {fileID: 0}
    - target: {fileID: 4201430663383395047, guid: 120f45ef160484d4d9cc8e8667c70dbc,
        type: 3}
      propertyPath: m_Materials.Array.data[0]
      value: 
      objectReference: {fileID: 2100000, guid: e0d22479072d6c744866c09f6b18b248, type: 2}
    - target: {fileID: 4201430663383395047, guid: 120f45ef160484d4d9cc8e8667c70dbc,
        type: 3}
      propertyPath: m_Materials.Array.data[1]
      value: 
      objectReference: {fileID: 2100000, guid: 48dc6af6018311c46bcb9ef25bb60ce0, type: 2}
    - target: {fileID: -4345724952212954574, guid: 120f45ef160484d4d9cc8e8667c70dbc,
        type: 3}
      propertyPath: m_Materials.Array.data[0]
      value: 
      objectReference: {fileID: 2100000, guid: e0d22479072d6c744866c09f6b18b248, type: 2}
    - target: {fileID: 7952621223757940308, guid: 120f45ef160484d4d9cc8e8667c70dbc,
        type: 3}
      propertyPath: m_Materials.Array.data[0]
      value: 
      objectReference: {fileID: 2100000, guid: e0d22479072d6c744866c09f6b18b248, type: 2}
    - target: {fileID: 8937926711455612689, guid: 120f45ef160484d4d9cc8e8667c70dbc,
        type: 3}
      propertyPath: m_Materials.Array.data[0]
      value: 
      objectReference: {fileID: 2100000, guid: e0d22479072d6c744866c09f6b18b248, type: 2}
    - target: {fileID: 8210089201811777671, guid: 120f45ef160484d4d9cc8e8667c70dbc,
        type: 3}
      propertyPath: m_Materials.Array.data[0]
      value: 
      objectReference: {fileID: 2100000, guid: e0d22479072d6c744866c09f6b18b248, type: 2}
    m_RemovedComponents: []
  m_SourcePrefab: {fileID: 100100000, guid: 120f45ef160484d4d9cc8e8667c70dbc, type: 3}
--- !u!1 &8911111498503053817 stripped
GameObject:
  m_CorrespondingSourceObject: {fileID: -927199367670048503, guid: 120f45ef160484d4d9cc8e8667c70dbc,
    type: 3}
  m_PrefabInstance: {fileID: 615671156676180208}
  m_PrefabAsset: {fileID: 0}
--- !u!4 &5616544440508912618 stripped
Transform:
  m_CorrespondingSourceObject: {fileID: -4216859302048453862, guid: 120f45ef160484d4d9cc8e8667c70dbc,
    type: 3}
  m_PrefabInstance: {fileID: 615671156676180208}
  m_PrefabAsset: {fileID: 0}
--- !u!1001 &615671157243716013
PrefabInstance:
  m_ObjectHideFlags: 0
  serializedVersion: 2
  m_Modification:
    m_TransformParent: {fileID: 5455502288677816924}
    m_Modifications:
    - target: {fileID: 5276209833055558847, guid: d47660673a2920c449c0d412b0f7c3e8,
        type: 3}
      propertyPath: m_Name
      value: SURGE_Shotgun_Right
      objectReference: {fileID: 0}
    - target: {fileID: 9179326956446281388, guid: d47660673a2920c449c0d412b0f7c3e8,
        type: 3}
      propertyPath: m_LocalPosition.x
      value: 0.04999997
      objectReference: {fileID: 0}
    - target: {fileID: 9179326956446281388, guid: d47660673a2920c449c0d412b0f7c3e8,
        type: 3}
      propertyPath: m_LocalPosition.y
      value: 0.006000014
      objectReference: {fileID: 0}
    - target: {fileID: 9179326956446281388, guid: d47660673a2920c449c0d412b0f7c3e8,
        type: 3}
      propertyPath: m_LocalPosition.z
      value: -0.006000257
      objectReference: {fileID: 0}
    - target: {fileID: 9179326956446281388, guid: d47660673a2920c449c0d412b0f7c3e8,
        type: 3}
      propertyPath: m_LocalRotation.x
      value: -0.25831717
      objectReference: {fileID: 0}
    - target: {fileID: 9179326956446281388, guid: d47660673a2920c449c0d412b0f7c3e8,
        type: 3}
      propertyPath: m_LocalRotation.y
      value: 0.65823436
      objectReference: {fileID: 0}
    - target: {fileID: 9179326956446281388, guid: d47660673a2920c449c0d412b0f7c3e8,
        type: 3}
      propertyPath: m_LocalRotation.z
      value: -0.25831696
      objectReference: {fileID: 0}
    - target: {fileID: 9179326956446281388, guid: d47660673a2920c449c0d412b0f7c3e8,
        type: 3}
      propertyPath: m_LocalRotation.w
      value: 0.6582341
      objectReference: {fileID: 0}
    - target: {fileID: 9179326956446281388, guid: d47660673a2920c449c0d412b0f7c3e8,
        type: 3}
      propertyPath: m_RootOrder
      value: 2
      objectReference: {fileID: 0}
    - target: {fileID: 9179326956446281388, guid: d47660673a2920c449c0d412b0f7c3e8,
        type: 3}
      propertyPath: m_LocalEulerAnglesHint.x
      value: 0
      objectReference: {fileID: 0}
    - target: {fileID: 9179326956446281388, guid: d47660673a2920c449c0d412b0f7c3e8,
        type: 3}
      propertyPath: m_LocalEulerAnglesHint.y
      value: 90.00001
      objectReference: {fileID: 0}
    - target: {fileID: 9179326956446281388, guid: d47660673a2920c449c0d412b0f7c3e8,
        type: 3}
      propertyPath: m_LocalEulerAnglesHint.z
      value: -42.854004
      objectReference: {fileID: 0}
    - target: {fileID: 1145301699856217100, guid: d47660673a2920c449c0d412b0f7c3e8,
        type: 3}
      propertyPath: m_Materials.Array.data[0]
      value: 
      objectReference: {fileID: 2100000, guid: 5c941294cbd1e3348ae885f1503fc5ce, type: 2}
    m_RemovedComponents: []
  m_SourcePrefab: {fileID: 100100000, guid: d47660673a2920c449c0d412b0f7c3e8, type: 3}
--- !u!1 &4734287357396925714 stripped
GameObject:
  m_CorrespondingSourceObject: {fileID: 5276209833055558847, guid: d47660673a2920c449c0d412b0f7c3e8,
    type: 3}
  m_PrefabInstance: {fileID: 615671157243716013}
  m_PrefabAsset: {fileID: 0}
--- !u!4 &8640376458622193409 stripped
Transform:
  m_CorrespondingSourceObject: {fileID: 9179326956446281388, guid: d47660673a2920c449c0d412b0f7c3e8,
    type: 3}
  m_PrefabInstance: {fileID: 615671157243716013}
  m_PrefabAsset: {fileID: 0}
--- !u!1001 &2927917871999119715
PrefabInstance:
  m_ObjectHideFlags: 0
  serializedVersion: 2
  m_Modification:
    m_TransformParent: {fileID: 2052564650984731825}
    m_Modifications:
    - target: {fileID: -927199367670048503, guid: 6d63ec78e44a84c4cb41dfa5e1ac55a6,
        type: 3}
      propertyPath: m_Name
      value: Jet_Left
      objectReference: {fileID: 0}
    - target: {fileID: -927199367670048503, guid: 6d63ec78e44a84c4cb41dfa5e1ac55a6,
        type: 3}
      propertyPath: m_IsActive
      value: 0
      objectReference: {fileID: 0}
    - target: {fileID: -4216859302048453862, guid: 6d63ec78e44a84c4cb41dfa5e1ac55a6,
        type: 3}
      propertyPath: m_LocalPosition.x
      value: 0.0117
      objectReference: {fileID: 0}
    - target: {fileID: -4216859302048453862, guid: 6d63ec78e44a84c4cb41dfa5e1ac55a6,
        type: 3}
      propertyPath: m_LocalPosition.y
      value: -0.0784
      objectReference: {fileID: 0}
    - target: {fileID: -4216859302048453862, guid: 6d63ec78e44a84c4cb41dfa5e1ac55a6,
        type: 3}
      propertyPath: m_LocalPosition.z
      value: -0.0978
      objectReference: {fileID: 0}
    - target: {fileID: -4216859302048453862, guid: 6d63ec78e44a84c4cb41dfa5e1ac55a6,
        type: 3}
      propertyPath: m_LocalRotation.x
      value: 0.38313484
      objectReference: {fileID: 0}
    - target: {fileID: -4216859302048453862, guid: 6d63ec78e44a84c4cb41dfa5e1ac55a6,
        type: 3}
      propertyPath: m_LocalRotation.y
      value: -0.6036142
      objectReference: {fileID: 0}
    - target: {fileID: -4216859302048453862, guid: 6d63ec78e44a84c4cb41dfa5e1ac55a6,
        type: 3}
      propertyPath: m_LocalRotation.z
      value: 0.3889364
      objectReference: {fileID: 0}
    - target: {fileID: -4216859302048453862, guid: 6d63ec78e44a84c4cb41dfa5e1ac55a6,
        type: 3}
      propertyPath: m_LocalRotation.w
      value: 0.5810216
      objectReference: {fileID: 0}
    - target: {fileID: -4216859302048453862, guid: 6d63ec78e44a84c4cb41dfa5e1ac55a6,
        type: 3}
      propertyPath: m_RootOrder
      value: 2
      objectReference: {fileID: 0}
    - target: {fileID: -4216859302048453862, guid: 6d63ec78e44a84c4cb41dfa5e1ac55a6,
        type: 3}
      propertyPath: m_LocalEulerAnglesHint.x
      value: 66.171005
      objectReference: {fileID: 0}
    - target: {fileID: -4216859302048453862, guid: 6d63ec78e44a84c4cb41dfa5e1ac55a6,
        type: 3}
      propertyPath: m_LocalEulerAnglesHint.y
      value: -93.162
      objectReference: {fileID: 0}
    - target: {fileID: -4216859302048453862, guid: 6d63ec78e44a84c4cb41dfa5e1ac55a6,
        type: 3}
      propertyPath: m_LocalEulerAnglesHint.z
      value: -1.4990001
      objectReference: {fileID: 0}
    - target: {fileID: -4216859302048453862, guid: 6d63ec78e44a84c4cb41dfa5e1ac55a6,
        type: 3}
      propertyPath: m_LocalScale.y
      value: 2
      objectReference: {fileID: 0}
    m_RemovedComponents: []
  m_SourcePrefab: {fileID: 100100000, guid: 6d63ec78e44a84c4cb41dfa5e1ac55a6, type: 3}
--- !u!4 &7915279772834323065 stripped
Transform:
  m_CorrespondingSourceObject: {fileID: -4216859302048453862, guid: 6d63ec78e44a84c4cb41dfa5e1ac55a6,
    type: 3}
  m_PrefabInstance: {fileID: 2927917871999119715}
  m_PrefabAsset: {fileID: 0}
--- !u!1001 &4140289367411883171
PrefabInstance:
  m_ObjectHideFlags: 0
  serializedVersion: 2
  m_Modification:
    m_TransformParent: {fileID: 1494196967125298449}
    m_Modifications:
    - target: {fileID: 5276209833055558847, guid: d47660673a2920c449c0d412b0f7c3e8,
        type: 3}
      propertyPath: m_Name
      value: SURGE_Shotgun_Left
      objectReference: {fileID: 0}
    - target: {fileID: 9179326956446281388, guid: d47660673a2920c449c0d412b0f7c3e8,
        type: 3}
      propertyPath: m_LocalPosition.x
      value: -0.04999995
      objectReference: {fileID: 0}
    - target: {fileID: 9179326956446281388, guid: d47660673a2920c449c0d412b0f7c3e8,
        type: 3}
      propertyPath: m_LocalPosition.y
      value: -0.006000069
      objectReference: {fileID: 0}
    - target: {fileID: 9179326956446281388, guid: d47660673a2920c449c0d412b0f7c3e8,
        type: 3}
      propertyPath: m_LocalPosition.z
      value: -0.0059996746
      objectReference: {fileID: 0}
    - target: {fileID: 9179326956446281388, guid: d47660673a2920c449c0d412b0f7c3e8,
        type: 3}
      propertyPath: m_LocalRotation.x
      value: -0.7027818
      objectReference: {fileID: 0}
    - target: {fileID: 9179326956446281388, guid: d47660673a2920c449c0d412b0f7c3e8,
        type: 3}
      propertyPath: m_LocalRotation.y
      value: 0.10921442
      objectReference: {fileID: 0}
    - target: {fileID: 9179326956446281388, guid: d47660673a2920c449c0d412b0f7c3e8,
        type: 3}
      propertyPath: m_LocalRotation.z
      value: 0.7000329
      objectReference: {fileID: 0}
    - target: {fileID: 9179326956446281388, guid: d47660673a2920c449c0d412b0f7c3e8,
        type: 3}
      propertyPath: m_LocalRotation.w
      value: -0.064217284
      objectReference: {fileID: 0}
    - target: {fileID: 9179326956446281388, guid: d47660673a2920c449c0d412b0f7c3e8,
        type: 3}
      propertyPath: m_RootOrder
      value: 2
      objectReference: {fileID: 0}
    - target: {fileID: 9179326956446281388, guid: d47660673a2920c449c0d412b0f7c3e8,
        type: 3}
      propertyPath: m_LocalEulerAnglesHint.x
      value: -3.5920002
      objectReference: {fileID: 0}
    - target: {fileID: 9179326956446281388, guid: d47660673a2920c449c0d412b0f7c3e8,
        type: 3}
      propertyPath: m_LocalEulerAnglesHint.y
      value: -90.66901
      objectReference: {fileID: 0}
    - target: {fileID: 9179326956446281388, guid: d47660673a2920c449c0d412b0f7c3e8,
        type: 3}
      propertyPath: m_LocalEulerAnglesHint.z
      value: -165.88301
      objectReference: {fileID: 0}
    - target: {fileID: 1145301699856217100, guid: d47660673a2920c449c0d412b0f7c3e8,
        type: 3}
      propertyPath: m_Materials.Array.data[0]
      value: 
      objectReference: {fileID: 2100000, guid: 5c941294cbd1e3348ae885f1503fc5ce, type: 2}
    m_RemovedComponents: []
  m_SourcePrefab: {fileID: 100100000, guid: d47660673a2920c449c0d412b0f7c3e8, type: 3}
--- !u!4 &5050441760271798799 stripped
Transform:
  m_CorrespondingSourceObject: {fileID: 9179326956446281388, guid: d47660673a2920c449c0d412b0f7c3e8,
    type: 3}
  m_PrefabInstance: {fileID: 4140289367411883171}
  m_PrefabAsset: {fileID: 0}
--- !u!1 &8092299877668249628 stripped
GameObject:
  m_CorrespondingSourceObject: {fileID: 5276209833055558847, guid: d47660673a2920c449c0d412b0f7c3e8,
    type: 3}
  m_PrefabInstance: {fileID: 4140289367411883171}
  m_PrefabAsset: {fileID: 0}
--- !u!1001 &4570790723536599190
PrefabInstance:
  m_ObjectHideFlags: 0
  serializedVersion: 2
  m_Modification:
    m_TransformParent: {fileID: 2052564650984731825}
    m_Modifications:
    - target: {fileID: -927199367670048503, guid: 6d63ec78e44a84c4cb41dfa5e1ac55a6,
        type: 3}
      propertyPath: m_Name
      value: Jet_Right
      objectReference: {fileID: 0}
    - target: {fileID: -927199367670048503, guid: 6d63ec78e44a84c4cb41dfa5e1ac55a6,
        type: 3}
      propertyPath: m_IsActive
      value: 0
      objectReference: {fileID: 0}
    - target: {fileID: -4216859302048453862, guid: 6d63ec78e44a84c4cb41dfa5e1ac55a6,
        type: 3}
      propertyPath: m_LocalPosition.x
      value: 0.0176
      objectReference: {fileID: 0}
    - target: {fileID: -4216859302048453862, guid: 6d63ec78e44a84c4cb41dfa5e1ac55a6,
        type: 3}
      propertyPath: m_LocalPosition.y
      value: -0.0852
      objectReference: {fileID: 0}
    - target: {fileID: -4216859302048453862, guid: 6d63ec78e44a84c4cb41dfa5e1ac55a6,
        type: 3}
      propertyPath: m_LocalPosition.z
      value: 0.1157
      objectReference: {fileID: 0}
    - target: {fileID: -4216859302048453862, guid: 6d63ec78e44a84c4cb41dfa5e1ac55a6,
        type: 3}
      propertyPath: m_LocalRotation.x
      value: 0.37263474
      objectReference: {fileID: 0}
    - target: {fileID: -4216859302048453862, guid: 6d63ec78e44a84c4cb41dfa5e1ac55a6,
        type: 3}
      propertyPath: m_LocalRotation.y
      value: -0.61566806
      objectReference: {fileID: 0}
    - target: {fileID: -4216859302048453862, guid: 6d63ec78e44a84c4cb41dfa5e1ac55a6,
        type: 3}
      propertyPath: m_LocalRotation.z
      value: 0.37294975
      objectReference: {fileID: 0}
    - target: {fileID: -4216859302048453862, guid: 6d63ec78e44a84c4cb41dfa5e1ac55a6,
        type: 3}
      propertyPath: m_LocalRotation.w
      value: 0.5856661
      objectReference: {fileID: 0}
    - target: {fileID: -4216859302048453862, guid: 6d63ec78e44a84c4cb41dfa5e1ac55a6,
        type: 3}
      propertyPath: m_RootOrder
      value: 1
      objectReference: {fileID: 0}
    - target: {fileID: -4216859302048453862, guid: 6d63ec78e44a84c4cb41dfa5e1ac55a6,
        type: 3}
      propertyPath: m_LocalEulerAnglesHint.x
      value: 63.599003
      objectReference: {fileID: 0}
    - target: {fileID: -4216859302048453862, guid: 6d63ec78e44a84c4cb41dfa5e1ac55a6,
        type: 3}
      propertyPath: m_LocalEulerAnglesHint.y
      value: -94.619
      objectReference: {fileID: 0}
    - target: {fileID: -4216859302048453862, guid: 6d63ec78e44a84c4cb41dfa5e1ac55a6,
        type: 3}
      propertyPath: m_LocalEulerAnglesHint.z
      value: -2.835
      objectReference: {fileID: 0}
    - target: {fileID: -4216859302048453862, guid: 6d63ec78e44a84c4cb41dfa5e1ac55a6,
        type: 3}
      propertyPath: m_LocalScale.y
      value: 2
      objectReference: {fileID: 0}
    m_RemovedComponents: []
  m_SourcePrefab: {fileID: 100100000, guid: 6d63ec78e44a84c4cb41dfa5e1ac55a6, type: 3}
--- !u!4 &8796657332232983436 stripped
Transform:
  m_CorrespondingSourceObject: {fileID: -4216859302048453862, guid: 6d63ec78e44a84c4cb41dfa5e1ac55a6,
    type: 3}
  m_PrefabInstance: {fileID: 4570790723536599190}
  m_PrefabAsset: {fileID: 0}
