%YAML 1.1
%TAG !u! tag:unity3d.com,2011:
--- !u!1 &2868626028117503
GameObject:
  m_ObjectHideFlags: 0
  m_CorrespondingSourceObject: {fileID: 0}
  m_PrefabInstance: {fileID: 0}
  m_PrefabAsset: {fileID: 0}
  serializedVersion: 6
  m_Component:
  - component: {fileID: 7073870418490910581}
  m_Layer: 0
  m_Name: joint3
  m_TagString: Untagged
  m_Icon: {fileID: 0}
  m_NavMeshLayer: 0
  m_StaticEditorFlags: 0
  m_IsActive: 1
--- !u!4 &7073870418490910581
Transform:
  m_ObjectHideFlags: 0
  m_CorrespondingSourceObject: {fileID: 0}
  m_PrefabInstance: {fileID: 0}
  m_PrefabAsset: {fileID: 0}
  m_GameObject: {fileID: 2868626028117503}
  m_LocalRotation: {x: 0, y: -0.01727513, z: -0, w: 0.9998508}
  m_LocalPosition: {x: -0.15610059, y: 0, z: -1.110223e-17}
  m_LocalScale: {x: 1, y: 1, z: 1}
  m_Children:
  - {fileID: 4810897434489271813}
  m_Father: {fileID: 4576770579908997765}
  m_RootOrder: 0
  m_LocalEulerAnglesHint: {x: 0, y: -1.9796824, z: 0}
--- !u!1 &1560652183686178365
GameObject:
  m_ObjectHideFlags: 0
  m_CorrespondingSourceObject: {fileID: 0}
  m_PrefabInstance: {fileID: 0}
  m_PrefabAsset: {fileID: 0}
  serializedVersion: 6
  m_Component:
  - component: {fileID: 1838524137587702746}
  m_Layer: 0
  m_Name: joint16
  m_TagString: Untagged
  m_Icon: {fileID: 0}
  m_NavMeshLayer: 0
  m_StaticEditorFlags: 0
  m_IsActive: 1
--- !u!4 &1838524137587702746
Transform:
  m_ObjectHideFlags: 0
  m_CorrespondingSourceObject: {fileID: 0}
  m_PrefabInstance: {fileID: 0}
  m_PrefabAsset: {fileID: 0}
  m_GameObject: {fileID: 1560652183686178365}
  m_LocalRotation: {x: -4.7990836e-25, y: -0.6631599, z: -8.180918e-17, w: 0.74847776}
  m_LocalPosition: {x: 0.6419345, y: 0.015732825, z: 0.010106482}
  m_LocalScale: {x: 1, y: 1, z: 1}
  m_Children: []
  m_Father: {fileID: 6799275272000002625}
  m_RootOrder: 0
  m_LocalEulerAnglesHint: {x: -6.216886e-15, y: -83.08262, z: -7.016711e-15}
--- !u!1 &1694978213846064010
GameObject:
  m_ObjectHideFlags: 0
  m_CorrespondingSourceObject: {fileID: 0}
  m_PrefabInstance: {fileID: 0}
  m_PrefabAsset: {fileID: 0}
  serializedVersion: 6
  m_Component:
  - component: {fileID: 4124570745940580058}
  m_Layer: 0
  m_Name: joint8
  m_TagString: Untagged
  m_Icon: {fileID: 0}
  m_NavMeshLayer: 0
  m_StaticEditorFlags: 0
  m_IsActive: 1
--- !u!4 &4124570745940580058
Transform:
  m_ObjectHideFlags: 0
  m_CorrespondingSourceObject: {fileID: 0}
  m_PrefabInstance: {fileID: 0}
  m_PrefabAsset: {fileID: 0}
  m_GameObject: {fileID: 1694978213846064010}
  m_LocalRotation: {x: -0.00003516865, y: -0.072866745, z: 0.00018204463, w: 0.9973417}
  m_LocalPosition: {x: 0.15275666, y: -0.00092653726, z: 0.006415661}
  m_LocalScale: {x: 1, y: 1, z: 1}
  m_Children:
  - {fileID: 5904000361907714872}
  m_Father: {fileID: 7588642709232787205}
  m_RootOrder: 0
  m_LocalEulerAnglesHint: {x: -0.0024992602, y: -8.357321, z: 0.021098977}
--- !u!1 &1980628016204609350
GameObject:
  m_ObjectHideFlags: 0
  m_CorrespondingSourceObject: {fileID: 0}
  m_PrefabInstance: {fileID: 0}
  m_PrefabAsset: {fileID: 0}
  serializedVersion: 6
  m_Component:
  - component: {fileID: 8129973242270708400}
  m_Layer: 0
  m_Name: joint11
  m_TagString: Untagged
  m_Icon: {fileID: 0}
  m_NavMeshLayer: 0
  m_StaticEditorFlags: 0
  m_IsActive: 1
--- !u!4 &8129973242270708400
Transform:
  m_ObjectHideFlags: 0
  m_CorrespondingSourceObject: {fileID: 0}
  m_PrefabInstance: {fileID: 0}
  m_PrefabAsset: {fileID: 0}
  m_GameObject: {fileID: 1980628016204609350}
  m_LocalRotation: {x: 8.3773034e-17, y: 0.863122, z: -8.3773034e-17, w: 0.5049955}
  m_LocalPosition: {x: 0.16235295, y: 0.00019735434, z: 0.010742018}
  m_LocalScale: {x: 1, y: 1, z: 1}
  m_Children: []
  m_Father: {fileID: 1762803654480734460}
  m_RootOrder: 0
  m_LocalEulerAnglesHint: {x: 1.3133493e-14, y: 119.33789, z: 3.4378998e-15}
--- !u!1 &2596762246037862116
GameObject:
  m_ObjectHideFlags: 0
  m_CorrespondingSourceObject: {fileID: 0}
  m_PrefabInstance: {fileID: 0}
  m_PrefabAsset: {fileID: 0}
  serializedVersion: 6
  m_Component:
  - component: {fileID: 1320351122823415031}
  - component: {fileID: 8996177305264531853}
  m_Layer: 0
  m_Name: BowAndArrow
  m_TagString: Untagged
  m_Icon: {fileID: 0}
  m_NavMeshLayer: 0
  m_StaticEditorFlags: 0
  m_IsActive: 1
--- !u!4 &1320351122823415031
Transform:
  m_ObjectHideFlags: 0
  m_CorrespondingSourceObject: {fileID: 0}
  m_PrefabInstance: {fileID: 0}
  m_PrefabAsset: {fileID: 0}
  m_GameObject: {fileID: 2596762246037862116}
  m_LocalRotation: {x: -0.048148964, y: 0.70448905, z: 0.041638393, w: 0.7068544}
  m_LocalPosition: {x: 0.053000033, y: -0.16725409, z: 0.487}
  m_LocalScale: {x: 1, y: 1, z: 1}
  m_Children:
  - {fileID: 3153961054803689859}
  - {fileID: 8536388543419673412}
  - {fileID: 8530498030055095944}
  - {fileID: 4382426479119326074}
  - {fileID: 8252306526553023129}
  - {fileID: 4174127321293654752}
  m_Father: {fileID: 0}
  m_RootOrder: 0
  m_LocalEulerAnglesHint: {x: -7.281, y: 89.841, z: -0.518}
--- !u!95 &8996177305264531853
Animator:
  serializedVersion: 3
  m_ObjectHideFlags: 0
  m_CorrespondingSourceObject: {fileID: 0}
  m_PrefabInstance: {fileID: 0}
  m_PrefabAsset: {fileID: 0}
  m_GameObject: {fileID: 2596762246037862116}
  m_Enabled: 1
  m_Avatar: {fileID: 9000000, guid: 738aa640b4b5b4645aa41f36613b8353, type: 3}
  m_Controller: {fileID: 9100000, guid: c734a6a606ddfa94895a0113365d043c, type: 2}
  m_CullingMode: 1
  m_UpdateMode: 0
  m_ApplyRootMotion: 0
  m_LinearVelocityBlending: 0
  m_WarningMessage: 
  m_HasTransformHierarchy: 1
  m_AllowConstantClipSamplingOptimization: 1
  m_KeepAnimatorControllerStateOnDisable: 0
--- !u!1 &2942542807643291555
GameObject:
  m_ObjectHideFlags: 0
  m_CorrespondingSourceObject: {fileID: 0}
  m_PrefabInstance: {fileID: 0}
  m_PrefabAsset: {fileID: 0}
  serializedVersion: 6
  m_Component:
  - component: {fileID: 4174127321293654752}
  - component: {fileID: 9105691046373768351}
  m_Layer: 0
  m_Name: String
  m_TagString: Untagged
  m_Icon: {fileID: 0}
  m_NavMeshLayer: 0
  m_StaticEditorFlags: 0
  m_IsActive: 1
--- !u!4 &4174127321293654752
Transform:
  m_ObjectHideFlags: 0
  m_CorrespondingSourceObject: {fileID: 0}
  m_PrefabInstance: {fileID: 0}
  m_PrefabAsset: {fileID: 0}
  m_GameObject: {fileID: 2942542807643291555}
  m_LocalRotation: {x: 0, y: -0, z: -0, w: 1}
  m_LocalPosition: {x: -0, y: 0.33424804, z: 0}
  m_LocalScale: {x: 1, y: 1, z: 1}
  m_Children: []
  m_Father: {fileID: 1320351122823415031}
  m_RootOrder: 5
  m_LocalEulerAnglesHint: {x: 0, y: 0, z: 0}
--- !u!137 &9105691046373768351
SkinnedMeshRenderer:
  m_ObjectHideFlags: 0
  m_CorrespondingSourceObject: {fileID: 0}
  m_PrefabInstance: {fileID: 0}
  m_PrefabAsset: {fileID: 0}
  m_GameObject: {fileID: 2942542807643291555}
  m_Enabled: 1
  m_CastShadows: 1
  m_ReceiveShadows: 1
  m_DynamicOccludee: 1
  m_MotionVectors: 1
  m_LightProbeUsage: 1
  m_ReflectionProbeUsage: 1
  m_RenderingLayerMask: 1
  m_RendererPriority: 0
  m_Materials:
  - {fileID: 5561349426305759274, guid: 738aa640b4b5b4645aa41f36613b8353, type: 3}
  - {fileID: 1108147716743453759, guid: 738aa640b4b5b4645aa41f36613b8353, type: 3}
  - {fileID: 8368722655750445499, guid: 738aa640b4b5b4645aa41f36613b8353, type: 3}
  - {fileID: -8369911508649120504, guid: 738aa640b4b5b4645aa41f36613b8353, type: 3}
  m_StaticBatchInfo:
    firstSubMesh: 0
    subMeshCount: 0
  m_StaticBatchRoot: {fileID: 0}
  m_ProbeAnchor: {fileID: 0}
  m_LightProbeVolumeOverride: {fileID: 0}
  m_ScaleInLightmap: 1
  m_ReceiveGI: 1
  m_PreserveUVs: 0
  m_IgnoreNormalsForChartDetection: 0
  m_ImportantGI: 0
  m_StitchLightmapSeams: 1
  m_SelectedEditorRenderState: 3
  m_MinimumChartSize: 4
  m_AutoUVMaxDistance: 0.5
  m_AutoUVMaxAngle: 89
  m_LightmapParameters: {fileID: 0}
  m_SortingLayerID: 0
  m_SortingLayer: 0
  m_SortingOrder: 0
  serializedVersion: 2
  m_Quality: 0
  m_UpdateWhenOffscreen: 0
  m_SkinnedMotionVectors: 1
  m_Mesh: {fileID: 7894568722861429745, guid: 738aa640b4b5b4645aa41f36613b8353, type: 3}
  m_Bones:
  - {fileID: 8252306526553023129}
  - {fileID: 6799275272000002625}
  - {fileID: 1838524137587702746}
  - {fileID: 8293107826141190732}
  - {fileID: 4586139450876619234}
  m_BlendShapeWeights: []
  m_RootBone: {fileID: 8252306526553023129}
  m_AABB:
    m_Center: {x: -0.022319682, y: -0.004777734, z: -0.0025925636}
    m_Extent: {x: 0.075349994, y: 0.015466998, z: 0.6969251}
  m_DirtyAABB: 0
--- !u!1 &3017507403355486546
GameObject:
  m_ObjectHideFlags: 0
  m_CorrespondingSourceObject: {fileID: 0}
  m_PrefabInstance: {fileID: 0}
  m_PrefabAsset: {fileID: 0}
  serializedVersion: 6
  m_Component:
  - component: {fileID: 1762803654480734460}
  m_Layer: 0
  m_Name: joint10
  m_TagString: Untagged
  m_Icon: {fileID: 0}
  m_NavMeshLayer: 0
  m_StaticEditorFlags: 0
  m_IsActive: 1
--- !u!4 &1762803654480734460
Transform:
  m_ObjectHideFlags: 0
  m_CorrespondingSourceObject: {fileID: 0}
  m_PrefabInstance: {fileID: 0}
  m_PrefabAsset: {fileID: 0}
  m_GameObject: {fileID: 3017507403355486546}
  m_LocalRotation: {x: -0.000008176747, y: -0.15389927, z: 0.00011665907, w: 0.9880866}
  m_LocalPosition: {x: 0.1634922, y: -0.00019735434, z: 0.0021317299}
  m_LocalScale: {x: 1, y: 1, z: 1}
  m_Children:
  - {fileID: 8129973242270708400}
  m_Father: {fileID: 5904000361907714872}
  m_RootOrder: 0
  m_LocalEulerAnglesHint: {x: 0.0011315242, y: -17.705923, z: 0.013353085}
--- !u!1 &3285797607886595194
GameObject:
  m_ObjectHideFlags: 0
  m_CorrespondingSourceObject: {fileID: 0}
  m_PrefabInstance: {fileID: 0}
  m_PrefabAsset: {fileID: 0}
  serializedVersion: 6
  m_Component:
  - component: {fileID: 8530498030055095944}
  - component: {fileID: 6575536022988091430}
  m_Layer: 0
  m_Name: Bow
  m_TagString: Untagged
  m_Icon: {fileID: 0}
  m_NavMeshLayer: 0
  m_StaticEditorFlags: 0
  m_IsActive: 1
--- !u!4 &8530498030055095944
Transform:
  m_ObjectHideFlags: 0
  m_CorrespondingSourceObject: {fileID: 0}
  m_PrefabInstance: {fileID: 0}
  m_PrefabAsset: {fileID: 0}
  m_GameObject: {fileID: 3285797607886595194}
  m_LocalRotation: {x: 0, y: -0, z: -0, w: 1}
  m_LocalPosition: {x: -0, y: 0, z: 0}
  m_LocalScale: {x: 1, y: 1, z: 1}
  m_Children: []
  m_Father: {fileID: 1320351122823415031}
  m_RootOrder: 2
  m_LocalEulerAnglesHint: {x: 0, y: 0, z: 0}
--- !u!137 &6575536022988091430
SkinnedMeshRenderer:
  m_ObjectHideFlags: 0
  m_CorrespondingSourceObject: {fileID: 0}
  m_PrefabInstance: {fileID: 0}
  m_PrefabAsset: {fileID: 0}
  m_GameObject: {fileID: 3285797607886595194}
  m_Enabled: 1
  m_CastShadows: 1
  m_ReceiveShadows: 1
  m_DynamicOccludee: 1
  m_MotionVectors: 1
  m_LightProbeUsage: 1
  m_ReflectionProbeUsage: 1
  m_RenderingLayerMask: 1
  m_RendererPriority: 0
  m_Materials:
  - {fileID: 8368722655750445499, guid: 738aa640b4b5b4645aa41f36613b8353, type: 3}
  - {fileID: 4352284914225708712, guid: 738aa640b4b5b4645aa41f36613b8353, type: 3}
  - {fileID: -8369911508649120504, guid: 738aa640b4b5b4645aa41f36613b8353, type: 3}
  - {fileID: 1108147716743453759, guid: 738aa640b4b5b4645aa41f36613b8353, type: 3}
  - {fileID: 4222158141284680105, guid: 738aa640b4b5b4645aa41f36613b8353, type: 3}
  - {fileID: -351022541804052484, guid: 738aa640b4b5b4645aa41f36613b8353, type: 3}
  - {fileID: -985004103133357394, guid: 738aa640b4b5b4645aa41f36613b8353, type: 3}
  m_StaticBatchInfo:
    firstSubMesh: 0
    subMeshCount: 0
  m_StaticBatchRoot: {fileID: 0}
  m_ProbeAnchor: {fileID: 0}
  m_LightProbeVolumeOverride: {fileID: 0}
  m_ScaleInLightmap: 1
  m_ReceiveGI: 1
  m_PreserveUVs: 0
  m_IgnoreNormalsForChartDetection: 0
  m_ImportantGI: 0
  m_StitchLightmapSeams: 1
  m_SelectedEditorRenderState: 3
  m_MinimumChartSize: 4
  m_AutoUVMaxDistance: 0.5
  m_AutoUVMaxAngle: 89
  m_LightmapParameters: {fileID: 0}
  m_SortingLayerID: 0
  m_SortingLayer: 0
  m_SortingOrder: 0
  serializedVersion: 2
  m_Quality: 0
  m_UpdateWhenOffscreen: 0
  m_SkinnedMotionVectors: 1
  m_Mesh: {fileID: 6937701791748013656, guid: 738aa640b4b5b4645aa41f36613b8353, type: 3}
  m_Bones:
  - {fileID: 4382426479119326074}
  - {fileID: 7588642709232787205}
  - {fileID: 4124570745940580058}
  - {fileID: 5904000361907714872}
  - {fileID: 1762803654480734460}
  - {fileID: 8129973242270708400}
  - {fileID: 1743700154019611462}
  - {fileID: 4576770579908997765}
  - {fileID: 7073870418490910581}
  - {fileID: 4810897434489271813}
  - {fileID: 1638676561640778051}
  m_BlendShapeWeights: []
  m_RootBone: {fileID: 4382426479119326074}
  m_AABB:
    m_Center: {x: 0.0653991, y: 0.000023249537, z: 0.0066603124}
    m_Extent: {x: 0.29264188, y: 0.05425054, z: 0.8029139}
  m_DirtyAABB: 0
--- !u!1 &3320951006045919474
GameObject:
  m_ObjectHideFlags: 0
  m_CorrespondingSourceObject: {fileID: 0}
  m_PrefabInstance: {fileID: 0}
  m_PrefabAsset: {fileID: 0}
  serializedVersion: 6
  m_Component:
  - component: {fileID: 1638676561640778051}
  m_Layer: 0
  m_Name: joint5
  m_TagString: Untagged
  m_Icon: {fileID: 0}
  m_NavMeshLayer: 0
  m_StaticEditorFlags: 0
  m_IsActive: 1
--- !u!4 &1638676561640778051
Transform:
  m_ObjectHideFlags: 0
  m_CorrespondingSourceObject: {fileID: 0}
  m_PrefabInstance: {fileID: 0}
  m_PrefabAsset: {fileID: 0}
  m_GameObject: {fileID: 3320951006045919474}
  m_LocalRotation: {x: 8.3773034e-17, y: 0.863122, z: -8.3773034e-17, w: 0.5049955}
  m_LocalPosition: {x: -0.1555536, y: 0, z: -6.6613384e-17}
  m_LocalScale: {x: 1, y: 1, z: 1}
  m_Children: []
  m_Father: {fileID: 4810897434489271813}
  m_RootOrder: 0
  m_LocalEulerAnglesHint: {x: 1.3133493e-14, y: 119.33789, z: 3.4378998e-15}
--- !u!1 &3584169574410706370
GameObject:
  m_ObjectHideFlags: 0
  m_CorrespondingSourceObject: {fileID: 0}
  m_PrefabInstance: {fileID: 0}
  m_PrefabAsset: {fileID: 0}
  serializedVersion: 6
  m_Component:
  - component: {fileID: 4576770579908997765}
  m_Layer: 0
  m_Name: joint2
  m_TagString: Untagged
  m_Icon: {fileID: 0}
  m_NavMeshLayer: 0
  m_StaticEditorFlags: 0
  m_IsActive: 1
--- !u!4 &4576770579908997765
Transform:
  m_ObjectHideFlags: 0
  m_CorrespondingSourceObject: {fileID: 0}
  m_PrefabInstance: {fileID: 0}
  m_PrefabAsset: {fileID: 0}
  m_GameObject: {fileID: 3584169574410706370}
  m_LocalRotation: {x: 0, y: -0.075596906, z: -0, w: 0.9971385}
  m_LocalPosition: {x: -0.14006688, y: 0, z: -8.326673e-18}
  m_LocalScale: {x: 1, y: 1, z: 1}
  m_Children:
  - {fileID: 7073870418490910581}
  m_Father: {fileID: 1743700154019611462}
  m_RootOrder: 0
  m_LocalEulerAnglesHint: {x: 0, y: -8.671039, z: 0}
--- !u!1 &3714254345048150696
GameObject:
  m_ObjectHideFlags: 0
  m_CorrespondingSourceObject: {fileID: 0}
  m_PrefabInstance: {fileID: 0}
  m_PrefabAsset: {fileID: 0}
  serializedVersion: 6
  m_Component:
  - component: {fileID: 7588642709232787205}
  m_Layer: 0
  m_Name: joint7
  m_TagString: Untagged
  m_Icon: {fileID: 0}
  m_NavMeshLayer: 0
  m_StaticEditorFlags: 0
  m_IsActive: 1
--- !u!4 &7588642709232787205
Transform:
  m_ObjectHideFlags: 0
  m_CorrespondingSourceObject: {fileID: 0}
  m_PrefabInstance: {fileID: 0}
  m_PrefabAsset: {fileID: 0}
  m_GameObject: {fileID: 3714254345048150696}
  m_LocalRotation: {x: 0.7325922, y: 0.00020717492, z: 0.68066776, w: 0.00011870831}
  m_LocalPosition: {x: -0.0025448692, y: -0.00092653726, z: 0.07899811}
  m_LocalScale: {x: 1, y: 1, z: 1}
  m_Children:
  - {fileID: 4124570745940580058}
  m_Father: {fileID: 4382426479119326074}
  m_RootOrder: 1
  m_LocalEulerAnglesHint: {x: -0.00619396, y: 94.208305, z: 179.97334}
--- !u!1 &3937744493198628534
GameObject:
  m_ObjectHideFlags: 0
  m_CorrespondingSourceObject: {fileID: 0}
  m_PrefabInstance: {fileID: 0}
  m_PrefabAsset: {fileID: 0}
  serializedVersion: 6
  m_Component:
  - component: {fileID: 4810897434489271813}
  m_Layer: 0
  m_Name: joint4
  m_TagString: Untagged
  m_Icon: {fileID: 0}
  m_NavMeshLayer: 0
  m_StaticEditorFlags: 0
  m_IsActive: 1
--- !u!4 &4810897434489271813
Transform:
  m_ObjectHideFlags: 0
  m_CorrespondingSourceObject: {fileID: 0}
  m_PrefabInstance: {fileID: 0}
  m_PrefabAsset: {fileID: 0}
  m_GameObject: {fileID: 3937744493198628534}
  m_LocalRotation: {x: 0, y: -0.1561234, z: -0, w: 0.98773754}
  m_LocalPosition: {x: -0.14934236, y: 0, z: 1.6653345e-16}
  m_LocalScale: {x: 1, y: 1, z: 1}
  m_Children:
  - {fileID: 1638676561640778051}
  m_Father: {fileID: 7073870418490910581}
  m_RootOrder: 0
  m_LocalEulerAnglesHint: {x: 0, y: -17.963911, z: 0}
--- !u!1 &5229408518831545002
GameObject:
  m_ObjectHideFlags: 0
  m_CorrespondingSourceObject: {fileID: 0}
  m_PrefabInstance: {fileID: 0}
  m_PrefabAsset: {fileID: 0}
  serializedVersion: 6
  m_Component:
  - component: {fileID: 5904000361907714872}
  m_Layer: 0
  m_Name: joint9
  m_TagString: Untagged
  m_Icon: {fileID: 0}
  m_NavMeshLayer: 0
  m_StaticEditorFlags: 0
  m_IsActive: 1
--- !u!4 &5904000361907714872
Transform:
  m_ObjectHideFlags: 0
  m_CorrespondingSourceObject: {fileID: 0}
  m_PrefabInstance: {fileID: 0}
  m_PrefabAsset: {fileID: 0}
  m_GameObject: {fileID: 5229408518831545002}
  m_LocalRotation: {x: -0.000022756714, y: -0.014833476, z: 0.00012701376, w: 0.99988997}
  m_LocalPosition: {x: 0.14159879, y: 2.1815427e-18, z: -0.00088588515}
  m_LocalScale: {x: 1, y: 1, z: 1}
  m_Children:
  - {fileID: 1762803654480734460}
  m_Father: {fileID: 4124570745940580058}
  m_RootOrder: 0
  m_LocalEulerAnglesHint: {x: -0.0023915432, y: -1.6998538, z: 0.014591784}
--- !u!1 &6533172713151524765
GameObject:
  m_ObjectHideFlags: 0
  m_CorrespondingSourceObject: {fileID: 0}
  m_PrefabInstance: {fileID: 0}
  m_PrefabAsset: {fileID: 0}
  serializedVersion: 6
  m_Component:
  - component: {fileID: 1743700154019611462}
  m_Layer: 0
  m_Name: joint1
  m_TagString: Untagged
  m_Icon: {fileID: 0}
  m_NavMeshLayer: 0
  m_StaticEditorFlags: 0
  m_IsActive: 1
--- !u!4 &1743700154019611462
Transform:
  m_ObjectHideFlags: 0
  m_CorrespondingSourceObject: {fileID: 0}
  m_PrefabInstance: {fileID: 0}
  m_PrefabAsset: {fileID: 0}
  m_GameObject: {fileID: 6533172713151524765}
  m_LocalRotation: {x: -2.8633335e-18, y: -0.73010105, z: 2.8633335e-18, w: 0.6833393}
  m_LocalPosition: {x: 0.00492374, y: 0, z: -0.09797134}
  m_LocalScale: {x: 1, y: 1, z: 1}
  m_Children:
  - {fileID: 4576770579908997765}
  m_Father: {fileID: 4382426479119326074}
  m_RootOrder: 0
  m_LocalEulerAnglesHint: {x: 1.5343176e-17, y: -93.78972, z: 4.637693e-16}
--- !u!1 &7001279000905592882
GameObject:
  m_ObjectHideFlags: 0
  m_CorrespondingSourceObject: {fileID: 0}
  m_PrefabInstance: {fileID: 0}
  m_PrefabAsset: {fileID: 0}
  serializedVersion: 6
  m_Component:
  - component: {fileID: 4382426479119326074}
  m_Layer: 0
  m_Name: joint12
  m_TagString: Untagged
  m_Icon: {fileID: 0}
  m_NavMeshLayer: 0
  m_StaticEditorFlags: 0
  m_IsActive: 1
--- !u!4 &4382426479119326074
Transform:
  m_ObjectHideFlags: 0
  m_CorrespondingSourceObject: {fileID: 0}
  m_PrefabInstance: {fileID: 0}
  m_PrefabAsset: {fileID: 0}
  m_GameObject: {fileID: 7001279000905592882}
  m_LocalRotation: {x: 0, y: -0, z: -0, w: 1}
  m_LocalPosition: {x: -0.034336723, y: 0, z: 0.0034365177}
  m_LocalScale: {x: 1, y: 1, z: 1}
  m_Children:
  - {fileID: 1743700154019611462}
  - {fileID: 7588642709232787205}
  m_Father: {fileID: 1320351122823415031}
  m_RootOrder: 3
  m_LocalEulerAnglesHint: {x: 0, y: 0, z: 0}
--- !u!1 &7117543683036273515
GameObject:
  m_ObjectHideFlags: 0
  m_CorrespondingSourceObject: {fileID: 0}
  m_PrefabInstance: {fileID: 0}
  m_PrefabAsset: {fileID: 0}
  serializedVersion: 6
  m_Component:
  - component: {fileID: 8536388543419673412}
  m_Layer: 0
  m_Name: Arrow_Spawn_Point
  m_TagString: Untagged
  m_Icon: {fileID: 0}
  m_NavMeshLayer: 0
  m_StaticEditorFlags: 0
  m_IsActive: 1
--- !u!4 &8536388543419673412
Transform:
  m_ObjectHideFlags: 0
  m_CorrespondingSourceObject: {fileID: 0}
  m_PrefabInstance: {fileID: 0}
  m_PrefabAsset: {fileID: 0}
  m_GameObject: {fileID: 7117543683036273515}
  m_LocalRotation: {x: 0, y: -0, z: -0, w: 1}
  m_LocalPosition: {x: -0.1829, y: 0.0206, z: 0.00980401}
  m_LocalScale: {x: 1, y: 1, z: 1}
  m_Children: []
  m_Father: {fileID: 1320351122823415031}
  m_RootOrder: 1
  m_LocalEulerAnglesHint: {x: 0, y: 0, z: 0}
--- !u!1 &7641244858764795071
GameObject:
  m_ObjectHideFlags: 0
  m_CorrespondingSourceObject: {fileID: 0}
  m_PrefabInstance: {fileID: 0}
  m_PrefabAsset: {fileID: 0}
  serializedVersion: 6
  m_Component:
  - component: {fileID: 8293107826141190732}
  m_Layer: 0
  m_Name: joint13
  m_TagString: Untagged
  m_Icon: {fileID: 0}
  m_NavMeshLayer: 0
  m_StaticEditorFlags: 0
  m_IsActive: 1
--- !u!4 &8293107826141190732
Transform:
  m_ObjectHideFlags: 0
  m_CorrespondingSourceObject: {fileID: 0}
  m_PrefabInstance: {fileID: 0}
  m_PrefabAsset: {fileID: 0}
  m_GameObject: {fileID: 7641244858764795071}
  m_LocalRotation: {x: 0, y: 0.6631599, z: -0, w: 0.74847776}
  m_LocalPosition: {x: -0.0038009163, y: 0, z: 0.046268433}
  m_LocalScale: {x: 1, y: 1, z: 1}
  m_Children:
  - {fileID: 4586139450876619234}
  m_Father: {fileID: 8252306526553023129}
  m_RootOrder: 0
  m_LocalEulerAnglesHint: {x: 0, y: 83.08262, z: 0}
--- !u!1 &7641936610526931845
GameObject:
  m_ObjectHideFlags: 0
  m_CorrespondingSourceObject: {fileID: 0}
  m_PrefabInstance: {fileID: 0}
  m_PrefabAsset: {fileID: 0}
  serializedVersion: 6
  m_Component:
  - component: {fileID: 4586139450876619234}
  m_Layer: 0
  m_Name: joint14
  m_TagString: Untagged
  m_Icon: {fileID: 0}
  m_NavMeshLayer: 0
  m_StaticEditorFlags: 0
  m_IsActive: 1
--- !u!4 &4586139450876619234
Transform:
  m_ObjectHideFlags: 0
  m_CorrespondingSourceObject: {fileID: 0}
  m_PrefabInstance: {fileID: 0}
  m_PrefabAsset: {fileID: 0}
  m_GameObject: {fileID: 7641936610526931845}
  m_LocalRotation: {x: 0, y: -0.6631599, z: -0, w: 0.74847776}
  m_LocalPosition: {x: -0.63617605, y: -0.015611701, z: 0.005829714}
  m_LocalScale: {x: 1, y: 1, z: 1}
  m_Children: []
  m_Father: {fileID: 8293107826141190732}
  m_RootOrder: 0
  m_LocalEulerAnglesHint: {x: 0, y: -83.08262, z: 0}
--- !u!1 &8067143497995113704
GameObject:
  m_ObjectHideFlags: 0
  m_CorrespondingSourceObject: {fileID: 0}
  m_PrefabInstance: {fileID: 0}
  m_PrefabAsset: {fileID: 0}
  serializedVersion: 6
  m_Component:
  - component: {fileID: 8252306526553023129}
  m_Layer: 0
  m_Name: joint17
  m_TagString: Untagged
  m_Icon: {fileID: 0}
  m_NavMeshLayer: 0
  m_StaticEditorFlags: 0
  m_IsActive: 1
--- !u!4 &8252306526553023129
Transform:
  m_ObjectHideFlags: 0
  m_CorrespondingSourceObject: {fileID: 0}
  m_PrefabInstance: {fileID: 0}
  m_PrefabAsset: {fileID: 0}
  m_GameObject: {fileID: 8067143497995113704}
  m_LocalRotation: {x: 0, y: -0, z: -0, w: 1}
  m_LocalPosition: {x: 0.23431659, y: 0.020627229, z: 0.009139954}
  m_LocalScale: {x: 1, y: 1, z: 1}
  m_Children:
  - {fileID: 8293107826141190732}
  - {fileID: 6799275272000002625}
  m_Father: {fileID: 1320351122823415031}
  m_RootOrder: 4
  m_LocalEulerAnglesHint: {x: 0, y: 0, z: 0}
--- !u!1 &8462603708581229442
GameObject:
  m_ObjectHideFlags: 0
  m_CorrespondingSourceObject: {fileID: 0}
  m_PrefabInstance: {fileID: 0}
  m_PrefabAsset: {fileID: 0}
  serializedVersion: 6
  m_Component:
  - component: {fileID: 3153961054803689859}
  - component: {fileID: 6394274355323621125}
  - component: {fileID: 3871073023421707581}
  m_Layer: 0
  m_Name: Arrow
  m_TagString: Untagged
  m_Icon: {fileID: 0}
  m_NavMeshLayer: 0
  m_StaticEditorFlags: 0
  m_IsActive: 1
--- !u!4 &3153961054803689859
Transform:
  m_ObjectHideFlags: 0
  m_CorrespondingSourceObject: {fileID: 0}
  m_PrefabInstance: {fileID: 0}
  m_PrefabAsset: {fileID: 0}
  m_GameObject: {fileID: 8462603708581229442}
  m_LocalRotation: {x: 0, y: -0, z: -0, w: 1}
  m_LocalPosition: {x: -0.2373393, y: 0.020484738, z: 0.009532961}
  m_LocalScale: {x: 1, y: 1, z: 1}
  m_Children: []
  m_Father: {fileID: 1320351122823415031}
  m_RootOrder: 0
  m_LocalEulerAnglesHint: {x: 0, y: 0, z: 0}
--- !u!33 &6394274355323621125
MeshFilter:
  m_ObjectHideFlags: 0
  m_CorrespondingSourceObject: {fileID: 0}
  m_PrefabInstance: {fileID: 0}
  m_PrefabAsset: {fileID: 0}
  m_GameObject: {fileID: 8462603708581229442}
  m_Mesh: {fileID: -7929139438592967118, guid: 738aa640b4b5b4645aa41f36613b8353, type: 3}
--- !u!23 &3871073023421707581
MeshRenderer:
  m_ObjectHideFlags: 0
  m_CorrespondingSourceObject: {fileID: 0}
  m_PrefabInstance: {fileID: 0}
  m_PrefabAsset: {fileID: 0}
  m_GameObject: {fileID: 8462603708581229442}
  m_Enabled: 1
  m_CastShadows: 1
  m_ReceiveShadows: 1
  m_DynamicOccludee: 1
  m_MotionVectors: 1
  m_LightProbeUsage: 1
  m_ReflectionProbeUsage: 1
  m_RenderingLayerMask: 1
  m_RendererPriority: 0
  m_Materials:
  - {fileID: 2100000, guid: 5ad378334d53c564ebe3d7f394fe3db6, type: 2}
  m_StaticBatchInfo:
    firstSubMesh: 0
    subMeshCount: 0
  m_StaticBatchRoot: {fileID: 0}
  m_ProbeAnchor: {fileID: 0}
  m_LightProbeVolumeOverride: {fileID: 0}
  m_ScaleInLightmap: 1
  m_ReceiveGI: 1
  m_PreserveUVs: 0
  m_IgnoreNormalsForChartDetection: 0
  m_ImportantGI: 0
  m_StitchLightmapSeams: 1
  m_SelectedEditorRenderState: 3
  m_MinimumChartSize: 4
  m_AutoUVMaxDistance: 0.5
  m_AutoUVMaxAngle: 89
  m_LightmapParameters: {fileID: 0}
  m_SortingLayerID: 0
  m_SortingLayer: 0
  m_SortingOrder: 0
--- !u!1 &8916554722879950156
GameObject:
  m_ObjectHideFlags: 0
  m_CorrespondingSourceObject: {fileID: 0}
  m_PrefabInstance: {fileID: 0}
  m_PrefabAsset: {fileID: 0}
  serializedVersion: 6
  m_Component:
  - component: {fileID: 6799275272000002625}
  m_Layer: 0
  m_Name: joint15
  m_TagString: Untagged
  m_Icon: {fileID: 0}
  m_NavMeshLayer: 0
  m_StaticEditorFlags: 0
  m_IsActive: 1
--- !u!4 &6799275272000002625
Transform:
  m_ObjectHideFlags: 0
  m_CorrespondingSourceObject: {fileID: 0}
  m_PrefabInstance: {fileID: 0}
  m_PrefabAsset: {fileID: 0}
  m_GameObject: {fileID: 8916554722879950156}
  m_LocalRotation: {x: -0.6631599, y: -4.0606832e-17, z: 0.74847776, w: -4.5831044e-17}
  m_LocalPosition: {x: -0.004187578, y: -1.8055593e-35, z: -0.049371254}
  m_LocalScale: {x: 1, y: 1, z: 1}
  m_Children:
  - {fileID: 1838524137587702746}
  m_Father: {fileID: 8252306526553023129}
  m_RootOrder: 1
  m_LocalEulerAnglesHint: {x: 6.965633e-15, y: -83.08262, z: -180}
